2700 3900
391 523 684 577 sutvnuuru
724 523 866 578 nrm.
1016 527 1047 584 ³³

268 675 360 723 'Terras
371 671 459 728 obruit,
476 678 519 716 aut
528 668 603 714 soluta
613 640 698 722 Pieias,

268 769 344 838 Quali
356 785 397 832 per
407 782 493 816 cuneos
505 765 580 812 hiems
591 765 688 811 Latinos

268 864 367 911 Plebem
381 860 493 922 grandine
505 858 613 905 concutit
623 857 749 904 sedentem.

218 980 229 1014 ι
234 979 249 1028 5
270 964 352 1010 Ducat
363 959 444 1006 nubila
456 957 567 1022 Juppiter
577 968 619 1016 per
629 955 722 1011 orbern,

269 1060 302 1106 Et
313 1057 373 1104 laetis
384 1053 477 1116 pluvias
488 1051 593 1099 minetur
603 1051 674 1110 agris,

269 1152 336 1201 Dum
348 1152 419 1199 nostri
432 1149 498 1214 Jovis
510 1148 534 1194 hi
546 1148 652 1194 serantur
662 1145 758 1192 imbreo.

269 1253 332 1296 Ecce
343 1257 422 1294 autem
435 1256 517 1291 caveas
528 1241 589 1288 subit
600 1253 641 1302 per
653 1252 746 1297 omnes,

270 1346 371 1408 Insrgnis
381 1345 465 1406 specie,
482 1341 566 1388 decora
575 1341 642 1386 cuitu

221 1461 255 1513 30
272 1447 356 1494 Plebes
367 1446 447 1501 altera,
463 1457 510 1490 non
522 1442 601 1488 minor
610 1439 711 1489 sedente.

272 1544 306 1590 Hi
318 1541 423 1603 panaria,
440 1539 595 1598 candidasque
605 1549 706 1598 mappae

273 1645 426 1700 subvectant,
442 1642 567 1704 epulasque
577 1640 705 1698 lautioreej

273 1740 312 1788 ilii
323 1739 428 1786 marcida
439 1738 494 1784 vina
504 1737 651 1797 largiuntur:

273 1841 350 1887 Idaeos
360 1822 460 1885 totidem
472 1845 541 1897 putes
552 1833 680 1880 ministros.
711 1863 714 1867 -

229 1952 258 2001 35
277 1937 376 1992 Orbem,
394 1947 440 1995 qua
452 1930 537 1979 melior
547 1927 692 1989 severiorque
703 1923 744 1985 esi,

274 2037 305 2081 Et
316 2042 396 2094 gentes
407 2031 451 2078 alis
459 2028 554 2076 insimul
565 2034 671 2087 togatam

274 2132 305 2176 Et
316 2142 372 2175 cum
385 2137 420 2173 tot
431 2127 532 2187 populos
544 2126 611 2177 beata
622 2122 711 2184 pascae,

273 2225 355 2283 Hune,
372 2229 484 2284 Annona,
501 2224 564 2269 diem
576 2222 673 2281 superba
685 2218 766 2267 nescis.

273 2327 285 2370 1
297 2337 361 2371 nunc
371 2323 459 2370 saecura
470 2333 589 2380 compara,
605 2317 726 2374 Vetusius,

224 2438 259 2485 40
277 2422 379 2485 Antiqui
390 2421 466 2485 Jovis,
483 2424 638 2478 Aureumque
648 2423 760 2475 tempusa

275 2522 332 2568 Non
344 2521 373 2566 src
385 2520 458 2565 libera
469 2517 524 2564 vina
536 2525 593 2561 tunc
605 2512 720 2569 fluebant,

275 2620 326 2665 Nec
337 2627 431 2664 tantum
444 2617 504 2678 seges
516 2612 648 2674 occupabat
659 2624 758 2659 annum.

276 2719 332 2762 Una
341 2713 442 2761 vescitur
452 2712 531 2760 omnis
543 2710 601 2757 ordo
611 2708 700 2765 mensa,

277 2811 355 2870 Parvi,
372 2810 478 2868 Femina,
494 2809 572 2865 Plebs,
587 2809 674 2868 Eques,
691 2807 799 2853 Senatus.

227 2923 259 2972 45
271 2908 377 2955 Libertas
389 2905 543 2953 reverentiam
555 2897 650 2950 remisit.

275 3006 306 3050 Et
317 3012 343 3050 tu
355 3002 498 3063 quinetiam
510 2999 575 3064 (quis
587 2998 631 3045 boe
642 3010 725 3059 rogare
792 3056 793 3059 Ἴ

276 3098 336 3163 Qis
347 3098 485 3160 promittere
495 3099 569 3159 posset
580 3096 625 3143 hoc
636 3096 741 3142 Deorum
750 3092 773 3155 i)

275 3196 407 3243 Nobiscum
419 3195 492 3244 socias
504 3194 575 3255 dapee
584 3191 658 3258 inisti.

225 3290 311 3378 “Vun-
321 3291 342 3341 ι’
513 3366 515 3370 ,
624 3288 642 3334 F
