2700 3900
440 517 737 565 sruvnuutr
776 497 867 566 uruss
905 520 926 567 1.
1052 528 1103 590 Ιη

316 660 457 724 Expediam.
474 674 548 722 genus
560 659 608 722 ipse
619 659 674 720 suis,
691 659 858 723 praemissaque
869 671 933 709 retro

315 759 456 806 Nobilitas:
474 772 518 805 nec
529 757 598 818 origo
608 759 676 815 latet,
693 758 731 804 sed
742 758 796 806 luce
807 758 919 819 sequente

265 872 301 918 70
318 855 444 916 Vincitur,
461 861 483 903 se
495 871 583 917 magno
594 857 682 917 gaudet
693 857 779 904 cesfislc
787 857 878 918 nepoti.

316 953 400 999 Prima
410 961 473 1014 togae
484 951 577 1000 virtus:
595 953 636 1000 illa
648 967 747 1015 quoque
757 954 883 1011 clatus,.&
894 953 977 1016 ingene

315 1048 438 1111 Eloquio:
457 1064 515 1098 mox
527 1050 660 1100 innumeris
671 1051 776 1099 exercita
787 1051 877 1110 castris,

221 1155 230 1165 ³
317 1147 449 1206 occiduas,
466 1147 602 1208 primasque
612 1148 707 1207 domoc,
723 1153 745 1195 lc
756 1149 803 1196 sole
813 1151 856 1197 sub
867 1150 936 1199 omni

313 1242 540 1302 Promeruitjurata
551 1256 646 1291 manua.
664 1257 708 1291 nec
720 1243 747 1290 in
759 1243 809 1292 otia
820 1244 889 1307 pecie

262 1358 297 1409 75
317 1342 459 1390 Permissum
472 1343 552 1391 laxare
562 1343 667 1406 animos,
685 1344 824 1406 seruumque
835 1343 939 1406 recingit

314 1442 390 1488 Hunc
402 1441 499 1489 Galatia
509 1440 592 1504 vigens
602 1442 657 1490 ause
667 1442 703 1491 est
713 1442 824 1490 incessere
836 1443 899 1490 bello
909 1459 916 1490 t

315 1538 390 1585 Hunc
402 1552 499 1600 quoque
510 1553 599 1600 perque
609 1553 697 1588 novem
710 1538 795 1588 timuit
806 1539 947 1602 Pamphylia
958 1541 1049 1601 meffes,

314 1633 500 1697 Pannoniusque
511 1635 587 1695 ferox,
604 1650 710 1698 arcuque
720 1636 837 1687 horrenda
848 1636 932 1700 fugaci

317 1734 442 1793 Armenia,
459 1741 480 1783 dt
490 1736 585 1798 patiens
597 1735 660 1785 Latii
669 1736 721 1798 jam
732 1737 814 1799 pontis
826 1741 927 1787 Araxes.

263 1831 297 1879 80
315 1831 379 1897 Qid
391 1831 500 1894 geminos
512 1833 594 1892 fascea,
610 1847 753 1895 magnaeque
764 1833 850 1883 iterata
861 1836 982 1883 revolvam

312 1934 373 1998 Jura
385 1935 462 1982 Asrae?
480 1932 539 1982 velit
552 1934 593 1983 illa
601 1935 700 1998 quidem
713 1948 748 1984 tet
759 1935 855 1996 habete,
870 1947 1003 2000 quaterque

315 2031 389 2078 Hunc
402 2030 444 2078 srbi
455 2048 462 2093 3
481 2032 518 2079 sed
530 2044 642 2081 revocant
653 2033 707 2081 lasti
719 2033 844 2097 majorque
855 2035 955 2095 curulis,

313 2128 365 2173 Nec
381 2128 493 2189 promissa
504 2129 583 2177 semel.
616 2129 698 2191 Libyci
710 2130 771 2192 quid
783 2130 844 2178 mira
855 2130 941 2180 tributi

311 2224 440 2286 Obsequia,
457 2230 479 2272 δι
491 2224 587 2273 mitium
599 2227 678 2275 media
690 2227 719 2274 de
731 2242 789 2290 pace
800 2226 953 2291 triumphum

264 2322 297 2386 ὃς
315 2323 432 2382 Laudem,
448 2330 471 2370 ee
482 2338 539 2386 opes
550 2336 653 2386 quantae
664 2340 709 2373 nec
720 2327 762 2387 qui
774 2325 929 2375 maudaverat
942 2324 1012 2373 austra

270 2449 272 2456 ·
313 2423 447 2485 Expetlare
458 2423 523 2471 fuit?
542 2424 629 2485 gaudet
640 2427 795 2473 Trafimenue
806 2431 828 2473 se
841 2426 914 2487 Alpes
991 2432 993 2436 “

314 2522 495 2584 Cannensesque
507 2521 609 2571 animaee
627 2523 767 2587 primusque
778 2523 868 2587 insrgne
878 2524 997 2573 tributum

317 2618 368 2679 lpse
379 2619 460 2680 palam
472 2620 548 2667 lacera
560 2621 672 2683 poscebat
683 2622 791 2683 Regulus
803 2621 897 2670 umbra.

313 2716 371 2763 Non
383 2728 452 2765 vacat
464 2718 565 2767 Ardone
576 2720 650 2779 acies,
665 2720 830 2782 Rhenumque
841 2720 963 2778 rebellem,

265 2825 297 2874 90
314 2808 471 2873 Captivaeque
481 2825 562 2873 preces
572 2814 679 2871 Veledae,
695 2818 718 2861 le
729 2816 795 2877 (quae
806 2813 912 2860 maxima
924 2824 1001 2874 nuper

316 2908 412 2970 Gloria)
424 2911 556 2972 depositam
564 2911 636 2957 Dacis
648 2913 804 2972 pereuntibus
816 2924 897 2958 arcem

321 3008 441 3081 Pandere3
460 3023 517 3057 cum
529 3008 599 3067 tanti,
615 3008 700 3067 lectus,
716 3009 813 3057 redieris
825 3008 929 3057 habenae

314 3106 418 3165 Gallice,
434 3109 539 3155 Fortuna
550 3121 600 3154 non
610 3106 755 3176 adversante,
771 3107 861 3155 subisti.

320 3202 393 3252 Hunc
404 3201 478 3266 igitur
489 3204 516 3268 (st
529 3202 601 3267 digna
612 3201 711 3265 loquor)
723 3202 845 3267 rapiamus
855 3200 940 3267 iniquo
1018 3237 1020 3246 ·

638 3297 658 3346 Ε
669 3310 685 3346 2
1028 3293 1109 3350 uma
