2700 3900
408 561 705 612 tuuvanunt
741 561 833 613 utu.
865 563 885 613 1.
1039 569 1071 628 3¹

297 704 408 771 Quasqu'e
417 708 496 769 Tyrus
508 705 588 755 niveas
599 705 668 765 secat,
686 710 707 753 δε
719 707 815 754 Sidonia
827 722 905 770 rupes.

245 823 280 872 40
298 807 350 854 Vix
361 801 428 853 lotus
438 807 544 865 Eurotae,
561 802 643 850 viridis
655 817 711 850 cum
724 805 802 864 regula
814 805 887 865 longo

297 907 411 968 Synnada
423 905 535 953 distintiu
547 904 630 953 variat.
647 918 696 951 non
707 904 792 951 limina
800 906 895 962 cessant,

296 1003 421 1064 Effulgent
433 1013 541 1058 camene,
557 998 623 1046 vatio
634 999 727 1061 fastigia
738 999 801 1045 vitro

296 1100 327 1145 ln
338 1095 426 1159 speeies
437 1095 576 1158 animosque
587 1095 673 1143 nitent.
691 1096 768 1158 stupet
776 1096 825 1158 ipse
836 1097 918 1145 beatas

297 1197 484 1258 circumplexus
495 1209 561 1258 opes,
577 1200 599 1242 ει
610 1194 705 1256 parcius
714 1194 815 1256 impetat
825 1196 895 1256 ignis.

246 1313 280 1366 45
298 1300 396 1346 Multus
405 1299 496 1360 ubique
507 1298 565 1359 dies,
581 1298 654 1363 radiis
665 1297 708 1346 ubi
718 1298 824 1346 culmina
835 1301 893 1347 totis

297 1395 415 1453 Perierat,
431 1404 503 1457 atque
513 1393 561 1442 alio
572 1395 606 1444 sol
616 1396 743 1458 improbus
755 1395 833 1442 uritur
841 1397 910 1447 aestu.

296 1493 342 1540 Nil
353 1491 387 1539 ibi
398 1492 518 1554 plebeium
530 1510 536 1540 ι
555 1495 673 1556 nusquam
685 1494 806 1541 Temesaea
816 1496 914 1542 notabis

296 1587 379 1647 AEra5
397 1585 434 1631 sed
446 1596 544 1647 argento
555 1586 613 1633 felix
625 1587 766 1648 propellitur
777 1589 849 1648 unda,

298 1688 455 1746 Argentoque
466 1685 539 1742 cadit,
555 1685 672 1746 labrisque
684 1685 817 1734 nitentibus
829 1686 901 1736 instat

248 1793 282 1842 50
298 1776 404 1825 Deiicias
416 1776 503 1824 mirata
513 1777 578 1835 suas,
592 1782 614 1824 ει
625 1777 691 1823 abire
703 1779 800 1826 recusat.

297 1879 373 1925 Extra
384 1886 465 1923 autem
477 1875 547 1922 niveo
558 1874 600 1938 qui
612 1875 720 1938 margine
730 1878 834 1925 coerulus
845 1879 924 1927 amnis

298 1982 377 2042 Vivit,
395 1986 417 2027 ει
430 1980 454 2026 in
466 1980 587 2028 summum
598 1981 673 2028 fundo
685 1990 750 2042 patet
759 1981 839 2029 omnis
848 1983 878 2030 ab
889 1982 950 2045 imo,

298 2077 347 2124 Cui
358 2091 407 2123 non
418 2076 452 2124 ite
463 2078 526 2135 lacu,
542 2076 667 2139 pigrosque
677 2078 785 2125 exolvere
795 2078 898 2127 amicius

301 2176 422 2223 Suadeat?
441 2175 486 2222 hoe
497 2176 580 2223 mallet
590 2175 653 2224 nasci
664 2176 780 2237 Cytherea
790 2177 928 2240 prosund03

248 2290 281 2342 55
300 2274 350 2321 Hic
362 2284 386 2321 te
397 2272 547 2335 perspicuum
559 2274 655 2331 melius,
670 2274 784 2333 umine,
799 2275 905 2336 videtet3

299 2370 349 2418 Hic
359 2371 429 2417 velox
441 2373 531 2421 Hecate
541 2370 600 2418 velit
611 2376 633 2418 ει
643 2370 755 2431 deprensa
765 2371 848 2419 lavari.

299 2466 364 2534 Qid
376 2482 440 2516 nunc
452 2467 582 2515 strata‘solo
593 2468 693 2515 referant
704 2469 820 2527 tabulata,
838 2479 962 2531 crepantes

300 2568 422 2615 Auditura
433 2569 503 2631 pilas,
520 2569 562 2616 ubi
574 2568 702 2631 languidus
713 2568 776 2631 ignia
786 2568 875 2617 inerrat

299 2662 417 2721 AEdibus,
434 2668 456 2710 δι
469 2674 566 2711 tenuem
578 2665 679 2713 volvunt
689 2664 834 2726 hypocausta
845 2669 978 2729 vapooem?

247 2762 284 2811 6ο
300 2762 353 2808 Nec
365 2763 381 2808 fi
393 2761 489 2836 Baianis
499 2764 579 2811 veniat
591 2778 666 2811 novus
679 2763 762 2825 hospes
772 2765 803 2811 ab
814 2765 871 2823 oria,

299 2860 373 2907 Talia
381 2859 510 2923 despiciat3
528 2862 577 2925 (fas
588 2864 616 2908 stt
627 2876 771 2925 componere
781 2864 875 2925 magnis

301 2958 390 3020 Parva)
400 2962 511 3008 Neronea
521 2975 565 3008 nec
577 2960 621 3024 qui
632 2961 706 3008 modo
716 2962 781 3010 lotus
793 2960 818 3009 in
830 2962 903 3022 unda,

300 3051 350 3098 Hic
363 3051 450 3100 iterum
462 3054 544 3100 sudate
555 3061 633 3115 neget.
665 3053 756 3113 Maste,
771 3068 823 3113 oro,
839 3054 929 3103 nitenti

299 3149 409 3211 Ingenio,
426 3167 539 3215 curaque,
555 3166 628 3215 puer:
647 3162 729 3201 tecum
739 3152 785 3201 ista
795 3154 923 3213 senescant,

300 3252 332 3299 Et
344 3261 385 3299 tua
393 3250 446 3312 jam
458 3254 542 3303 melior
549 3254 624 3303 discat
634 3253 732 3302 fortuna
742 3253 839 3305 renasci.

888 3346 953 3407 ut.
980 3305 1110 3441 unt„
