<?xml version="1.0" encoding="UTF-8"?>
<!DOCTYPE html PUBLIC "-//W3C//DTD XHTML 1.0 Transitional//EN"
    "http://www.w3.org/TR/xhtml1/DTD/xhtml1-transitional.dtd">
<html xmlns="http://www.w3.org/1999/xhtml" xml:lang="en" lang="en">
 <head>
  <title>
</title>
<meta http-equiv="Content-Type" content="text/html;charset=utf-8" />
  <meta name='ocr-system' content='tesseract 3.04.00' />
  <meta name='ocr-capabilities' content='ocr_page ocr_carea ocr_par ocr_line ocrx_word'/>
</head>
<body>
  <div class='ocr_page' id='page_1' title='image "./publiipapiniist00statgoog_0089.png"; bbox 0 0 2700 3900; ppageno 0'>
   <div class='ocr_carea' id='block_1_1' title="bbox 287 518 982 614">
    <p class='ocr_par' dir='ltr' id='par_1_1' title="bbox 287 518 982 614">
     <span class='ocr_line' id='line_1_1' title="bbox 287 518 982 614; baseline -0.006 -12"><span class='ocrx_word' id='word_1_1' title='bbox 287 566 321 614; x_wconf 85' lang='lat'>70</span> <span class='ocrx_word' id='word_1_2' title='bbox 458 548 487 599; x_wconf 81' lang='lat' dir='ltr'>r.</span> <span class='ocrx_word' id='word_1_3' title='bbox 525 518 744 597; x_wconf 66' lang='lat' dir='ltr'>ruriurr</span> <span class='ocrx_word' id='word_1_4' title='bbox 788 547 982 598; x_wconf 68' lang='lat' dir='ltr'>suerri</span> 
     </span>
    </p>
   </div>
   <div class='ocr_carea' id='block_1_2' title="bbox 332 687 1136 2139">
    <p class='ocr_par' dir='ltr' id='par_1_2' title="bbox 332 687 1136 2139">
     <span class='ocr_line' id='line_1_2' title="bbox 333 687 1074 756; baseline -0.001 -16"><span class='ocrx_word' id='word_1_5' title='bbox 333 688 481 740; x_wconf 81' lang='lat' dir='ltr'>didillimum</span> <span class='ocrx_word' id='word_1_6' title='bbox 502 695 524 739; x_wconf 72' lang='lat' dir='ltr'>ic</span> <span class='ocrx_word' id='word_1_7' title='bbox 544 689 605 738; x_wconf 88' lang='lat' dir='ltr'>mihi</span> <span class='ocrx_word' id='word_1_8' title='bbox 622 689 823 751; x_wconf 77' lang='lat' dir='ltr'>jucundissimum</span> <span class='ocrx_word' id='word_1_9' title='bbox 842 690 970 756; x_wconf 83' lang='lat' dir='ltr'>juvenem,</span> <span class='ocrx_word' id='word_1_10' title='bbox 992 687 1074 741; x_wconf 72' lang='lat' dir='ltr'>Meum</span> 
     </span>
     <span class='ocr_line' id='line_1_3' title="bbox 332 788 1077 853; baseline 0.004 -17"><span class='ocrx_word' id='word_1_11' title='bbox 332 790 449 848; x_wconf 78' lang='lat' dir='ltr'>Celerem,</span> <span class='ocrx_word' id='word_1_12' title='bbox 476 802 490 836; x_wconf 92' lang='lat' dir='ltr'>a</span> <span class='ocrx_word' id='word_1_13' title='bbox 500 789 654 838; x_wconf 79' lang='lat' dir='ltr'>sacratillimo</span> <span class='ocrx_word' id='word_1_14' title='bbox 669 791 816 851; x_wconf 84' lang='lat' dir='ltr'>lmperatore</span> <span class='ocrx_word' id='word_1_15' title='bbox 827 788 929 838; x_wconf 83' lang='lat' dir='ltr'>mill&#39;um</span> <span class='ocrx_word' id='word_1_16' title='bbox 941 792 971 839; x_wconf 86' lang='lat' dir='ltr'>ad</span> <span class='ocrx_word' id='word_1_17' title='bbox 982 790 1077 853; x_wconf 75' lang='lat' dir='ltr'>legium</span> 
     </span>
     <span class='ocr_line' id='line_1_4' title="bbox 334 883 1080 949; baseline 0.004 -17"><span class='ocrx_word' id='word_1_18' title='bbox 334 883 465 946; x_wconf 79' lang='lat' dir='ltr'>Syriacam,</span> <span class='ocrx_word' id='word_1_19' title='bbox 489 884 548 948; x_wconf 87' lang='lat' dir='ltr'>quia</span> <span class='ocrx_word' id='word_1_20' title='bbox 573 883 640 946; x_wconf 80' lang='lat' dir='ltr'>sequi</span> <span class='ocrx_word' id='word_1_21' title='bbox 662 897 714 931; x_wconf 87' lang='lat' dir='ltr'>non</span> <span class='ocrx_word' id='word_1_22' title='bbox 743 893 864 946; x_wconf 85' lang='lat' dir='ltr'>poteram,</span> <span class='ocrx_word' id='word_1_23' title='bbox 898 887 933 934; x_wconf 87' lang='lat' dir='ltr'>lic</span> <span class='ocrx_word' id='word_1_24' title='bbox 965 886 1080 949; x_wconf 76' lang='lat' dir='ltr'>prosecutas</span> 
     </span>
     <span class='ocr_line' id='line_1_5' title="bbox 334 983 1082 1050; baseline 0 -16"><span class='ocrx_word' id='word_1_25' title='bbox 334 986 395 1035; x_wconf 84' lang='lat' dir='ltr'>lum.</span> <span class='ocrx_word' id='word_1_26' title='bbox 428 984 708 1035; x_wconf 70' lang='lat' dir='ltr'>Merebaturccuudii</span> <span class='ocrx_word' id='word_1_27' title='bbox 724 983 815 1033; x_wconf 79' lang='lat' dir='ltr'>Etrusci</span> <span class='ocrx_word' id='word_1_28' title='bbox 835 985 885 1033; x_wconf 91' lang='lat' dir='ltr'>mei</span> <span class='ocrx_word' id='word_1_29' title='bbox 906 986 986 1050; x_wconf 68' lang='lat' dir='ltr'>pietus</span> <span class='ocrx_word' id='word_1_30' title='bbox 1002 983 1082 1050; x_wconf 73' lang='lat' dir='ltr'>aliquod</span> 
     </span>
     <span class='ocr_line' id='line_1_6' title="bbox 335 1082 1084 1150; baseline -0.003 -18"><span class='ocrx_word' id='word_1_31' title='bbox 335 1097 366 1132; x_wconf 84' lang='lat' dir='ltr'>ex</span> <span class='ocrx_word' id='word_1_32' title='bbox 376 1082 461 1131; x_wconf 80' lang='lat' dir='ltr'>studiis</span> <span class='ocrx_word' id='word_1_33' title='bbox 472 1082 558 1130; x_wconf 84' lang='lat' dir='ltr'>nostris</span> <span class='ocrx_word' id='word_1_34' title='bbox 573 1082 695 1142; x_wconf 87' lang='lat' dir='ltr'>solatium,</span> <span class='ocrx_word' id='word_1_35' title='bbox 712 1096 769 1130; x_wconf 82' lang='lat' dir='ltr'>cum</span> <span class='ocrx_word' id='word_1_36' title='bbox 785 1083 878 1144; x_wconf 83' lang='lat' dir='ltr'>lugeret</span> <span class='ocrx_word' id='word_1_37' title='bbox 896 1085 963 1134; x_wconf 89' lang='lat' dir='ltr'>veris</span> <span class='ocrx_word' id='word_1_38' title='bbox 982 1085 1052 1150; x_wconf 87' lang='lat' dir='ltr'>(quod</span> <span class='ocrx_word' id='word_1_39' title='bbox 1065 1097 1084 1130; x_wconf 90' lang='lat' dir='ltr'>a·</span> 
     </span>
     <span class='ocr_line' id='line_1_7' title="bbox 335 1163 1087 1247; baseline 0.004 -18"><span class='ocrx_word' id='word_1_40' title='bbox 335 1180 495 1230; x_wconf 81' lang='lat' dir='ltr'>marillrmum</span> <span class='ocrx_word' id='word_1_41' title='bbox 507 1179 550 1240; x_wconf 82' lang='lat' dir='ltr'>eli)</span> <span class='ocrx_word' id='word_1_42' title='bbox 562 1179 669 1228; x_wconf 81' lang='lat' dir='ltr'>lacrimis</span> <span class='ocrx_word' id='word_1_43' title='bbox 684 1180 762 1228; x_wconf 86' lang='lat' dir='ltr'>senem</span> <span class='ocrx_word' id='word_1_44' title='bbox 781 1191 886 1243; x_wconf 84' lang='lat' dir='ltr'>patrem.</span> <span class='ocrx_word' id='word_1_45' title='bbox 921 1183 1024 1233; x_wconf 77' lang='lat' dir='ltr'>Earinus</span> <span class='ocrx_word' id='word_1_46' title='bbox 1039 1163 1087 1247; x_wconf 75' lang='lat' dir='ltr'>prz—</span> 
     </span>
     <span class='ocr_line' id='line_1_8' title="bbox 336 1280 1099 1344; baseline -0.004 -11"><span class='ocrx_word' id='word_1_47' title='bbox 336 1294 410 1344; x_wconf 83' lang='lat' dir='ltr'>terea,</span> <span class='ocrx_word' id='word_1_48' title='bbox 426 1281 566 1333; x_wconf 80' lang='lat' dir='ltr'>Germanici</span> <span class='ocrx_word' id='word_1_49' title='bbox 578 1280 652 1330; x_wconf 78' lang='lat' dir='ltr'>nostri</span> <span class='ocrx_word' id='word_1_50' title='bbox 661 1282 771 1344; x_wconf 85' lang='lat' dir='ltr'>libertus,</span> <span class='ocrx_word' id='word_1_51' title='bbox 788 1281 954 1344; x_wconf 85' lang='lat' dir='ltr'>lcitquandiu</span> <span class='ocrx_word' id='word_1_52' title='bbox 964 1282 1099 1332; x_wconf 83' lang='lat' dir='ltr'>dedderium·</span> 
     </span>
     <span class='ocr_line' id='line_1_9' title="bbox 339 1352 1098 1443; baseline -0.003 -14"><span class='ocrx_word' id='word_1_53' title='bbox 339 1378 392 1443; x_wconf 78' lang='lat' dir='ltr'>ejus</span> <span class='ocrx_word' id='word_1_54' title='bbox 404 1390 512 1428; x_wconf 88' lang='lat' dir='ltr'>moratus</span> <span class='ocrx_word' id='word_1_55' title='bbox 524 1381 575 1436; x_wconf 76' lang='lat' dir='ltr'>lim,</span> <span class='ocrx_word' id='word_1_56' title='bbox 592 1392 649 1425; x_wconf 88' lang='lat' dir='ltr'>cum</span> <span class='ocrx_word' id='word_1_57' title='bbox 666 1377 770 1440; x_wconf 83' lang='lat' dir='ltr'>petiilset</span> <span class='ocrx_word' id='word_1_58' title='bbox 787 1387 815 1425; x_wconf 87' lang='lat' dir='ltr'>ut</span> <span class='ocrx_word' id='word_1_59' title='bbox 833 1378 947 1440; x_wconf 85' lang='lat' dir='ltr'>Capillos</span> <span class='ocrx_word' id='word_1_60' title='bbox 967 1380 1028 1439; x_wconf 81' lang='lat' dir='ltr'>suos,</span> <span class='ocrx_word' id='word_1_61' title='bbox 1043 1352 1098 1442; x_wconf 76' lang='lat' dir='ltr'>quse¹</span> 
     </span>
     <span class='ocr_line' id='line_1_10' title="bbox 337 1474 1090 1540; baseline 0.003 -16"><span class='ocrx_word' id='word_1_62' title='bbox 337 1491 395 1527; x_wconf 86' lang='lat' dir='ltr'>cum</span> <span class='ocrx_word' id='word_1_63' title='bbox 404 1485 524 1540; x_wconf 79' lang='lat' dir='ltr'>gemmata</span> <span class='ocrx_word' id='word_1_64' title='bbox 532 1475 761 1538; x_wconf 83' lang='lat' dir='ltr'>Pyxide&amp;speculo</span> <span class='ocrx_word' id='word_1_65' title='bbox 769 1474 798 1523; x_wconf 91' lang='lat' dir='ltr'>ad</span> <span class='ocrx_word' id='word_1_66' title='bbox 806 1476 990 1537; x_wconf 82' lang='lat' dir='ltr'>Pergamenum</span> <span class='ocrx_word' id='word_1_67' title='bbox 999 1474 1090 1540; x_wconf 71' lang='lat' dir='ltr'>Asclepi-</span> 
     </span>
     <span class='ocr_line' id='line_1_11' title="bbox 337 1575 1091 1642; baseline 0.004 -17"><span class='ocrx_word' id='word_1_68' title='bbox 337 1590 382 1625; x_wconf 84' lang='lat' dir='ltr'>um</span> <span class='ocrx_word' id='word_1_69' title='bbox 391 1575 514 1633; x_wconf 86' lang='lat' dir='ltr'>mittebat,</span> <span class='ocrx_word' id='word_1_70' title='bbox 530 1576 633 1623; x_wconf 81' lang='lat' dir='ltr'>versibus</span> <span class='ocrx_word' id='word_1_71' title='bbox 651 1578 797 1626; x_wconf 79' lang='lat' dir='ltr'>dedicarem.</span> <span class='ocrx_word' id='word_1_72' title='bbox 830 1579 936 1629; x_wconf 84' lang='lat' dir='ltr'>Summa</span> <span class='ocrx_word' id='word_1_73' title='bbox 957 1581 993 1631; x_wconf 82' lang='lat' dir='ltr'>est</span> <span class='ocrx_word' id='word_1_74' title='bbox 1008 1581 1091 1642; x_wconf 71' lang='lat' dir='ltr'>Eclsga,</span> 
     </span>
     <span class='ocr_line' id='line_1_12' title="bbox 338 1674 1092 1740; baseline 0.008 -19"><span class='ocrx_word' id='word_1_75' title='bbox 338 1688 387 1737; x_wconf 85' lang='lat' dir='ltr'>qua</span> <span class='ocrx_word' id='word_1_76' title='bbox 398 1688 494 1722; x_wconf 87' lang='lat' dir='ltr'>mecum</span> <span class='ocrx_word' id='word_1_77' title='bbox 501 1674 605 1724; x_wconf 84' lang='lat' dir='ltr'>secedere</span> <span class='ocrx_word' id='word_1_78' title='bbox 617 1677 747 1740; x_wconf 82' lang='lat' dir='ltr'>Neapolim</span> <span class='ocrx_word' id='word_1_79' title='bbox 754 1677 884 1727; x_wconf 84' lang='lat' dir='ltr'>Claudiam</span> <span class='ocrx_word' id='word_1_80' title='bbox 893 1693 978 1729; x_wconf 88' lang='lat' dir='ltr'>meam</span> <span class='ocrx_word' id='word_1_81' title='bbox 986 1680 1092 1728; x_wconf 70' lang='lat' dir='ltr'>exhortm</span> 
     </span>
     <span class='ocr_line' id='line_1_13' title="bbox 340 1778 1093 1842; baseline 0 -14"><span class='ocrx_word' id='word_1_82' title='bbox 340 1779 388 1828; x_wconf 84' lang='lat' dir='ltr'>Hic</span> <span class='ocrx_word' id='word_1_83' title='bbox 399 1780 416 1827; x_wconf 85' lang='lat' dir='ltr'>sr</span> <span class='ocrx_word' id='word_1_84' title='bbox 427 1794 511 1827; x_wconf 86' lang='lat' dir='ltr'>verum</span> <span class='ocrx_word' id='word_1_85' title='bbox 522 1778 635 1837; x_wconf 85' lang='lat' dir='ltr'>dicimus,</span> <span class='ocrx_word' id='word_1_86' title='bbox 652 1780 729 1827; x_wconf 87' lang='lat' dir='ltr'>sermo</span> <span class='ocrx_word' id='word_1_87' title='bbox 739 1779 790 1842; x_wconf 83' lang='lat' dir='ltr'>est3</span> <span class='ocrx_word' id='word_1_88' title='bbox 808 1785 830 1828; x_wconf 71' lang='lat' dir='ltr'>lc</span> <span class='ocrx_word' id='word_1_89' title='bbox 842 1781 946 1842; x_wconf 90' lang='lat' dir='ltr'>quidem</span> <span class='ocrx_word' id='word_1_90' title='bbox 958 1782 1058 1840; x_wconf 82' lang='lat' dir='ltr'>securus,</span> <span class='ocrx_word' id='word_1_91' title='bbox 1070 1788 1093 1828; x_wconf 84' lang='lat' dir='ltr'>ut</span> 
     </span>
     <span class='ocr_line' id='line_1_14' title="bbox 342 1879 1093 1946; baseline 0.001 -17"><span class='ocrx_word' id='word_1_92' title='bbox 342 1895 399 1930; x_wconf 88' lang='lat' dir='ltr'>cum</span> <span class='ocrx_word' id='word_1_93' title='bbox 422 1893 505 1939; x_wconf 83' lang='lat' dir='ltr'>uxore,</span> <span class='ocrx_word' id='word_1_94' title='bbox 534 1885 556 1926; x_wconf 73' lang='grc' dir='ltr'>δι</span> <span class='ocrx_word' id='word_1_95' title='bbox 577 1880 620 1943; x_wconf 89' lang='lat' dir='ltr'>qui</span> <span class='ocrx_word' id='word_1_96' title='bbox 640 1880 778 1941; x_wconf 82' lang='lat' dir='ltr'>persuadere</span> <span class='ocrx_word' id='word_1_97' title='bbox 801 1879 874 1928; x_wconf 85' lang='lat' dir='ltr'>malit</span> <span class='ocrx_word' id='word_1_98' title='bbox 899 1896 978 1943; x_wconf 86' lang='lat' dir='ltr'>quam</span> <span class='ocrx_word' id='word_1_99' title='bbox 1005 1883 1093 1946; x_wconf 82' lang='lat' dir='ltr'>plaoere</span> 
     </span>
     <span class='ocr_line' id='line_1_15' title="bbox 341 1962 1136 2041; baseline -0.001 -13"><span class='ocrx_word' id='word_1_100' title='bbox 341 1979 406 2028; x_wconf 86' lang='lat' dir='ltr'>Huic</span> <span class='ocrx_word' id='word_1_101' title='bbox 418 1978 538 2041; x_wconf 77' lang='lat' dir='ltr'>praecipue</span> <span class='ocrx_word' id='word_1_102' title='bbox 549 1977 631 2027; x_wconf 85' lang='lat' dir='ltr'>libello</span> <span class='ocrx_word' id='word_1_103' title='bbox 642 1977 743 2037; x_wconf 85' lang='lat' dir='ltr'>favebis,</span> <span class='ocrx_word' id='word_1_104' title='bbox 759 1991 817 2025; x_wconf 82' lang='lat' dir='ltr'>cum</span> <span class='ocrx_word' id='word_1_105' title='bbox 833 1962 893 2026; x_wconf 81' lang='lat' dir='ltr'>scias</span> <span class='ocrx_word' id='word_1_106' title='bbox 905 1979 1094 2029; x_wconf 83' lang='lat' dir='ltr'>haberedesiiua·</span> <span class='ocrx_word' id='word_1_107' title='bbox 1134 2005 1136 2016; x_wconf 48' lang='grc' dir='ltr'><strong><em>ι</em></strong></span> 
     </span>
     <span class='ocr_line' id='line_1_16' title="bbox 341 2074 1096 2139; baseline -0.005 -13"><span class='ocrx_word' id='word_1_108' title='bbox 341 2077 433 2126; x_wconf 89' lang='lat' dir='ltr'>tionem</span> <span class='ocrx_word' id='word_1_109' title='bbox 445 2074 534 2137; x_wconf 85' lang='lat' dir='ltr'>quietis</span> <span class='ocrx_word' id='word_1_110' title='bbox 545 2089 614 2134; x_wconf 81' lang='lat' dir='ltr'>meae,</span> <span class='ocrx_word' id='word_1_111' title='bbox 632 2079 653 2122; x_wconf 69' lang='grc' dir='ltr'>δι</span> <span class='ocrx_word' id='word_1_112' title='bbox 670 2074 716 2121; x_wconf 90' lang='lat' dir='ltr'>tibi</span> <span class='ocrx_word' id='word_1_113' title='bbox 734 2074 842 2122; x_wconf 88' lang='lat' dir='ltr'>maxime</span> <span class='ocrx_word' id='word_1_114' title='bbox 860 2074 1005 2127; x_wconf 81' lang='lat' dir='ltr'>intendere:</span> <span class='ocrx_word' id='word_1_115' title='bbox 1022 2086 1096 2139; x_wconf 86' lang='lat' dir='ltr'>meque</span> 
     </span>
    </p>
   </div>
   <div class='ocr_carea' id='block_1_3' title="bbox 343 2177 899 2240">
    <p class='ocr_par' dir='ltr' id='par_1_3' title="bbox 343 2177 899 2240">
     <span class='ocr_line' id='line_1_17' title="bbox 343 2177 899 2240; baseline 0.002 -12"><span class='ocrx_word' id='word_1_116' title='bbox 343 2193 393 2228; x_wconf 84' lang='lat' dir='ltr'>non</span> <span class='ocrx_word' id='word_1_117' title='bbox 404 2189 455 2226; x_wconf 88' lang='lat' dir='ltr'>tam</span> <span class='ocrx_word' id='word_1_118' title='bbox 467 2177 493 2225; x_wconf 90' lang='lat' dir='ltr'>in</span> <span class='ocrx_word' id='word_1_119' title='bbox 505 2177 609 2238; x_wconf 87' lang='lat' dir='ltr'>patriam</span> <span class='ocrx_word' id='word_1_120' title='bbox 619 2192 695 2240; x_wconf 91' lang='lat' dir='ltr'>quam</span> <span class='ocrx_word' id='word_1_121' title='bbox 706 2177 737 2224; x_wconf 81' lang='lat' dir='ltr'>ad</span> <span class='ocrx_word' id='word_1_122' title='bbox 748 2187 772 2225; x_wconf 90' lang='lat' dir='ltr'>te</span> <span class='ocrx_word' id='word_1_123' title='bbox 783 2178 899 2230; x_wconf 82' lang='lat' dir='ltr'>secedere.</span> 
     </span>
    </p>
   </div>
   <div class='ocr_carea' id='block_1_4' title="bbox 708 2491 729 2537">
    <p class='ocr_par' dir='ltr' id='par_1_4' title="bbox 708 2491 729 2537">
     <span class='ocr_line' id='line_1_18' title="bbox 708 2491 729 2537; baseline 0.095 -2"><span class='ocrx_word' id='word_1_124' title='bbox 708 2491 729 2537; x_wconf 91' lang='lat'>1.</span> 
     </span>
    </p>
   </div>
   <div class='ocr_carea' id='block_1_5' title="bbox 323 2696 1114 2871">
    <p class='ocr_par' dir='ltr' id='par_1_5' title="bbox 323 2696 1114 2871">
     <span class='ocr_line' id='line_1_19' title="bbox 323 2696 1114 2797; baseline -0.003 -40"><span class='ocrx_word' id='word_1_125' title='bbox 323 2696 573 2797; x_wconf 76' lang='lat' dir='ltr'><strong>HERCULES</strong></span> <span class='ocrx_word' id='word_1_126' title='bbox 602 2698 946 2762; x_wconf 87' lang='lat' dir='ltr'>SURRENTINUS</span> <span class='ocrx_word' id='word_1_127' title='bbox 976 2697 1114 2763; x_wconf 87' lang='lat' dir='ltr'>POLLH</span> 
     </span>
     <span class='ocr_line' id='line_1_20' title="bbox 380 2810 826 2871; baseline 0.009 -4"><span class='ocrx_word' id='word_1_128' title='bbox 380 2819 384 2827; x_wconf 90' lang='lat'>&#39;</span> <span class='ocrx_word' id='word_1_129' title='bbox 615 2810 826 2871; x_wconf 86' lang='lat' dir='ltr'><strong>FELICIS.</strong></span> 
     </span>
    </p>
   </div>
   <div class='ocr_carea' id='block_1_6' title="bbox 371 3059 1018 3221">
    <p class='ocr_par' dir='ltr' id='par_1_6' title="bbox 371 3059 1018 3221">
     <span class='ocr_line' id='line_1_21' title="bbox 410 3059 1018 3127; baseline 0.02 -20"><span class='ocrx_word' id='word_1_130' title='bbox 410 3060 600 3109; x_wconf 81' lang='lat' dir='ltr'>NTERMISSA</span> <span class='ocrx_word' id='word_1_131' title='bbox 612 3059 656 3109; x_wconf 88' lang='lat' dir='ltr'>tibi</span> <span class='ocrx_word' id='word_1_132' title='bbox 670 3076 778 3126; x_wconf 84' lang='lat' dir='ltr'>renovat,</span> <span class='ocrx_word' id='word_1_133' title='bbox 795 3064 937 3127; x_wconf 71' lang='lat' dir='ltr'>Tirynthie,</span> <span class='ocrx_word' id='word_1_134' title='bbox 950 3066 1018 3119; x_wconf 83' lang='lat' dir='ltr'>sacre</span> 
     </span>
     <span class='ocr_line' id='line_1_22' title="bbox 371 3062 950 3221; baseline 0.017 -20"><span class='ocrx_word' id='word_1_135' title='bbox 371 3062 407 3210; x_wconf 85' lang='lat' dir='ltr'>I</span> <span class='ocrx_word' id='word_1_136' title='bbox 426 3156 534 3218; x_wconf 78' lang='lat' dir='ltr'>Pollius3</span> <span class='ocrx_word' id='word_1_137' title='bbox 553 3162 574 3205; x_wconf 74' lang='grc' dir='ltr'>δι</span> <span class='ocrx_word' id='word_1_138' title='bbox 585 3158 666 3206; x_wconf 84' lang='lat' dir='ltr'>caulas</span> <span class='ocrx_word' id='word_1_139' title='bbox 677 3160 784 3221; x_wconf 67' lang='lat' dir='ltr'>designat</span> <span class='ocrx_word' id='word_1_140' title='bbox 794 3161 879 3210; x_wconf 76' lang='lat' dir='ltr'>desidis</span> <span class='ocrx_word' id='word_1_141' title='bbox 889 3164 950 3211; x_wconf 88' lang='lat' dir='ltr'>anni</span> 
     </span>
    </p>
   </div>
   <div class='ocr_carea' id='block_1_7' title="bbox 359 3254 1137 3385">
    <p class='ocr_par' dir='ltr' id='par_1_7' title="bbox 359 3254 1137 3385">
     <span class='ocr_line' id='line_1_23' title="bbox 359 3254 1010 3321; baseline -0.008 -14"><span class='ocrx_word' id='word_1_142' title='bbox 359 3254 434 3315; x_wconf 84' lang='lat' dir='ltr'>Quod</span> <span class='ocrx_word' id='word_1_143' title='bbox 445 3254 535 3310; x_wconf 86' lang='lat' dir='ltr'>coleris</span> <span class='ocrx_word' id='word_1_144' title='bbox 546 3255 644 3321; x_wconf 68' lang='lat' dir='ltr'>maiore</span> <span class='ocrx_word' id='word_1_145' title='bbox 654 3255 747 3320; x_wconf 53' lang='lat' dir='ltr'>elmlea</span> <span class='ocrx_word' id='word_1_146' title='bbox 762 3269 810 3309; x_wconf 78' lang='lat' dir='ltr'>use</span> <span class='ocrx_word' id='word_1_147' title='bbox 816 3254 1010 3316; x_wconf 54' lang='lat' dir='ltr'>discrepasset</span> 
     </span>
     <span class='ocr_line' id='line_1_24' title="bbox 1113 3344 1137 3385; baseline 0 0"><span class='ocrx_word' id='word_1_148' title='bbox 1113 3344 1137 3385; x_wconf 71' lang='lat' dir='ltr'>u</span> 
     </span>
    </p>
   </div>
   <div class='ocr_carea' id='block_1_8' title="bbox 0 0 1381 3900">
    <p class='ocr_par' dir='ltr' id='par_1_8' title="bbox 0 0 1381 3900">
     <span class='ocr_line' id='line_1_25' title="bbox 0 0 1381 3900; baseline 0 0"><span class='ocrx_word' id='word_1_149' title='bbox 0 0 1381 3900; x_wconf 95' lang='lat' dir='ltr'> </span> 
     </span>
    </p>
   </div>
  </div>
 </body>
</html>
