2700 3900
293 500 341 551 108
462 493 970 546 P.PAP1N118TAT11

313 656 345 709 30
360 640 392 688 Et
401 637 467 701 plebs
479 636 504 684 in
516 634 602 684 mediis
612 635 699 685 Latina
710 634 804 698 eampis

358 736 477 785 Horrebat
488 735 553 782 mala
564 732 725 796 navigationis
734 752 741 780 e

358 830 410 877 Nec
421 827 502 876 cursus
513 826 596 888 agiles,
613 831 634 873 δι
646 825 791 888 impeditum

360 925 501 974 Tardabant
512 923 557 971 iter
568 923 653 970 orbitae
663 931 778 981 tacentes,

361 1026 427 1073 Dum
437 1023 533 1086 pondus
543 1021 647 1073 nimium
659 1035 760 1084 querens
769 1021 812 1068 sub
822 1022 873 1071 alta

318 1135 347 1191 35
364 1122 438 1185 Repit
449 1119 561 1182 languida
572 1121 707 1183 quadrupes
717 1119 817 1167 steterat

364 1223 399 1266 At
410 1232 483 1276 nunc,
500 1232 555 1280 quae
566 1216 667 1264 solidum
679 1217 743 1263 diem
754 1217 855 1274 terebat,

364 1319 486 1365 Horarum
496 1316 534 1363 uia
545 1316 608 1364 fana
619 1315 659 1362 vix
671 1315 781 1374 duarum.

366 1417 424 1461 Non
436 1414 506 1462 tensae
516 1415 642 1461 voluerum
653 1427 696 1474 per
706 1412 766 1460 astra
777 1427 872 1476 pennre,

366 1515 419 1569 Nec
428 1512 534 1561 velocius
545 1512 620 1570 ibitis,
637 1511 733 1564 carinae.

292 1608 294 1614 '
320 1623 354 1675 40
368 1608 417 1658 Hic
427 1608 520 1671 primus
531 1609 599 1655 labor
610 1608 817 1666 inchoarentur,

368 1710 399 1756 Et
409 1706 537 1754 rescindere
547 1704 645 1764 limites,
662 1713 684 1755 δι
696 1708 746 1754 alto

367 1806 454 1869 Egessu
465 1805 561 1869 penitus
572 1819 655 1856 cavare
666 1817 757 1854 terras:

368 1905 440 1964 Mox,
457 1903 551 1950 haustas
562 1904 631 1952 aliter
641 1904 730 1967 replere
740 1904 820 1965 sonat,

370 2006 401 2053 Et
411 2007 505 2054 summo
517 2005 635 2067 gremium
646 2019 728 2068 parare
739 2006 815 2064 dorso,

324 2115 355 2168 45
372 2103 411 2149 Ne
421 2112 507 2149 nutent
518 2102 574 2159 sola,
591 2116 621 2149 ne
632 2102 738 2163 maligna
748 2102 820 2159 sedes,

372 2203 402 2247 Et
413 2201 493 2262 preffis
505 2199 606 2246 dubium
618 2200 698 2256 qubile
709 2200 778 2247 saxis.

300 2314 306 2324 ·
371 2299 443 2344 Tunc
454 2295 600 2343 umbonibus
611 2296 667 2343 hine
679 2301 701 2343 δι
712 2296 768 2344 hinc
779 2299 879 2358 coactis,

371 2397 402 2443 Et
412 2394 500 2444 crebris
511 2396 556 2443 iter
566 2396 663 2458 alligare
673 2396 794 2458 gumphis.

372 2494 395 2539 0
406 2504 504 2556 quantae
514 2493 603 2556 pariter
613 2508 700 2550 manus
710 2495 820 2545 laborant
831 2495 837 2541 !

326 2604 357 2656 ςο
372 2589 405 2636 Hi
417 2590 513 2637 eredunt
523 2604 617 2650 nemus,
633 2601 773 2653 exuuntque
784 2600 888 2649 montet,

372 2689 405 2737 Hi
417 2689 479 2736 ferro
490 2690 598 2750 scopulos
609 2690 732 2752 trabesque
744 2691 830 2744 iaevant
837 2709 845 2753 3

372 2789 411 2837 Illi
422 2789 476 2836 saxa
487 2788 571 2850 ligant,
587 2790 694 2851 opusque
705 2802 790 2839 texunt

372 2888 450 2935 Coelo
460 2889 557 2950 pulvere
568 2887 709 2951 sordidoque
720 2890 814 2952 tophos

373 2986 407 3034 Hi
418 2987 506 3033 ficcant
516 2987 610 3034 bibulas
621 3001 695 3035 manu
706 2988 813 3045 lacunas,

328 3095 341 3148 3
346 3096 357 3146 5
374 3084 405 3131 Et
416 3084 486 3144 longe
497 3084 583 3132 fluvios
595 3093 669 3145 agunt
680 3082 793 3131 minores.

317 3213 325 3233 .
372 3184 420 3246 Hae
428 3185 523 3263 possent
534 3189 556 3233 δι
567 3183 651 3246 Athon
662 3198 746 3246 qnvare
755 3184 856 3242 dextrtr,
