2700 3900
305 562 353 601 120
473 540 983 592 1³.PnP1N11t'rnT11

364 680 486 736 Vindicis.
501 684 554 732 haec
565 681 627 732 imos
639 684 715 732 animi
726 684 833 748 perlapsa
844 687 944 734 recessus

334 799 348 850 ς
364 780 533 842 inconsumpta
545 788 635 828 mmet.
651 780 807 841 nequeenim
818 780 923 829 ludibria
935 779 1016 830 ventris

362 882 502 938 Hauhmus,
518 888 561 927 aut
570 880 653 942 epulae
663 879 755 926 diverso
775 880 953 943 csolc'petitas‚

361 982 476 1042 Vinaque
486 977 607 1042 perpetuis
619 992 670 1028 aevo
681 976 797 1024 certantia
807 977 883 1028 fassis.

362 1082 404 1133 Ah
415 1079 503 1143 miseri,
518 1092 579 1141 quos
591 1075 741 1138 noslejuvat,
757 1075 817 1138 quid
828 1077 935 1126 Phasrdis
945 1079 991 1127 ales

361 1166 439 1228 Dislet
448 1178 479 1225 ab
489 1175 587 1223 hiberna
598 1172 728 1234 Rhodopes
739 1185 813 1235 grues
831 1174 887 1236 quis
898 1176 975 1238 magis
986 1172 1042 1222 anser

317 1292 347 1328 to
362 1280 425 1326 Exta
435 1276 513 1323 serat:
531 1288 574 1322 cur
583 1270 694 1320 Thuscue
704 1285 761 1334 aper
771 1274 905 1334 generosior
915 1275 1020 1322 Umbro:

362 1377 467 1429 Lubrica
478 1391 525 1439 qua
535 1376 648 1422 recubent
659 1373 784 1434 conchylia
795 1375 894 1423 mollius
905 1378 980 1439 alga„

361 1475 441 1525 Nobis
451 1487 520 1523 verus
531 1485 608 1532 amor,
625 1472 754 1534 medioque
765 1473 882 1521 Helicone
892 1474 983 1536 petitus

362 1579 454 1634 Sermo,
470 1571 600 1633 hilaresque
608 1569 658 1632 joci
669 1571 805 1620 brumalem
816 1573 940 1622 absumere
950 1575 1038 1622 noctem

360 1667 496 1723 Sunsenrnt,
512 1664 659 1725 mollemque
670 1664 747 1711 oculis
758 1666 875 1726 expellere
886 1667 1014 1728 somnum3

315 1783 326 1819 r
332 1781 344 1831 5
361 1767 443 1814 Donec
454 1763 484 1810 ab
494 1759 578 1823 Elyhis
588 1760 709 1823 prospexit
719 1761 812 1810 sedibus
824 1764 885 1810 alter

360 1861 453 1921 Castor,
469 1864 492 1907 tc
502 1858 621 1906 hesternas
632 1858 682 1906 rifit
691 1859 809 1907 Tithonia
820 1861 921 1910 mensas.

361 1963 384 2009 0
396 1961 460 2008 bona
471 1960 536 2006 nox!
551 1957 685 2020 junciaque
695 1957 790 2005 utinam
801 1958 930 2019 Tirynthia
941 1960 1012 2009 luna!

362 2062 428 2118 Nox,
446 2064 467 2106 δι
478 2057 607 2118 Erythraeis
618 2056 728 2104 Thetidis
740 2058 852 2118 signanda
863 2059 961 2121 lapillis,

359 2160 390 2205 Et
402 2155 557 2204 memoranda
569 2153 619 2211 diu,
636 2154 783 2215 geniumque
794 2155 905 2203 habitura
916 2170 1047 2219 perennem.

313 2272 345 2305 ao
362 2254 432 2301 Mille
443 2251 477 2299 ibi
489 2259 547 2297 tunc
556 2250 643 2311 species
653 2250 753 2312 arisque
763 2251 887 2314 eborisque
897 2255 994 2313 vetusti,

361 2362 444 2417 Atque
454 2355 576 2401 locuturas
587 2350 691 2398 mentito
701 2366 800 2414 corpore
811 2367 875 2401 ceras

358 2453 461 2505 Edidici.
478 2453 533 2515 quis
545 2464 650 2512 namque
660 2444 737 2498 oculis
749 2452 873 2499 certaverit
884 2454 986 2516 usquam

359 2550 481 2608 Vindicis,
498 2550 619 2596 artificum
630 2559 720 2595 veteres
731 2549 855 2609 agnoscere
866 2552 962 2609 dusius,

357 2654 389 2699 Et
400 2662 449 2696 non
461 2647 579 2708 inscriptls
590 2648 712 2695 autlorem
724 2648 818 2696 reddere
829 2650 918 2711 signis?

311 2765 341 2813 25
359 2747 407 2795 llic
419 2744 464 2792 tibi
475 2737 529 2805 quae
540 2744 612 2789 doslo
624 2745 731 2792 multum
742 2744 840 2806 vigilata
851 2745 951 2806 Myroni

357 2848 428 2903 AEra,
446 2842 565 2890 laboriseri
577 2841 659 2890 vivant
670 2857 725 2903 quae
737 2858 858 2891 marmora
870 2844 930 2893 caelo

356 2941 491 2999 Praxitelis,
507 2940 573 3002 quod
584 2940 643 2986 ebur
653 2940 728 2986 Pisaeo
738 2941 825 3001 pollice
837 2943 924 3000 rasum,

355 3039 427 3107 Qud
437 3038 585 3099 PolyclctaeIs
594 3037 683 3097 jussum
694 3039 727 3085 est
739 3040 825 3100 spirare
837 3040 949 3099 caminis,

355 3137 429 3185 Linea
440 3149 493 3197 quae
504 3144 608 3184 veterem
619 3137 690 3197 longe
700 3136 805 3183 fateatur
815 3140 936 3199 Apellem,

291 3263 330 3315 30
341 3237 512 3295 Monstrnbitr
531 3253 640 3303 namque
650 3237 715 3299 hnc,
730 3237 827 3299 quosne
836 3239 999 3299 chelrneuuit
1008 3239 1056 3298 ille,

1054 3318 1105 3365 heb
