2700 3900
292 566 325 603 ao
446 539 969 594 P.1>nP1n118TnT11

698 856 741 904 ul.

306 1049 447 1112 VILLA
464 1043 737 1106 TIBURTINA
757 1043 932 1102 MANLII
949 1047 1121 1110 voalsc

433 1260 562 1309 ERNERE
574 1257 671 1307 sacundi
683 1257 762 1306 Tibur
772 1257 871 1319 glaciale
881 1259 991 1321 Vopisci,

446 1354 470 1401 Si
484 1353 547 1417 quis,
563 1357 584 1399 er
596 1351 683 1398 inserto
695 1350 803 1411 geminos
814 1352 907 1398 Aniene
918 1363 1033 1412 penates,

373 1457 425 1502 Aut
435 1451 515 1513 potuit
526 1448 594 1496 sociae
606 1449 751 1495 commercia
762 1449 855 1495 noscere
866 1449 933 1509 rIpae,

373 1548 541 1608 certantesque
552 1547 593 1593 sibi
605 1546 732 1594 dominum
744 1546 869 1594 defendere
879 1546 965 1608 villas3

346 1667 360 1718 5
376 1652 448 1700 Illum
461 1661 504 1694 nec
515 1647 592 1695 calido
603 1648 700 1695 latravit
713 1648 788 1695 Sirius
799 1648 869 1705 astro,

376 1749 428 1796 Nec
440 1744 517 1808 gravis
528 1745 617 1806 aspexit
628 1747 730 1792 Nemees
742 1745 875 1792 frondentis
886 1747 1019 1796 alumnuea

378 1843 447 1892 Talia
458 1843 533 1891 hiems
545 1842 623 1902 tediis,
639 1844 753 1903 frangunt
765 1844 796 1892 fic
807 1844 917 1905 improba
928 1845 1003 1894 solem

378 1944 483 2008 Frigora,
500 1945 620 2006 Pisaeoque
631 1944 718 1990 domus
729 1958 780 1991 non
792 1943 875 1992 aestuat
885 1960 957 1995 anno.

381 2039 438 2085 Visa
449 2052 522 2087 manu
534 2048 613 2085 tenera
625 2039 715 2085 tenum
728 2039 836 2099 scripsisse
846 2041 986 2103 Voluptas3

339 2151 369 2184 ιο
385 2135 457 2193 Tunc
467 2135 551 2182 Venus
562 2133 642 2181 Idaliis
655 2135 726 2181 unxit
737 2134 830 2195 fastigia
841 2134 926 2194 succis,

382 2234 554 2295 Permulsrtque
565 2233 648 2292 comis,
666 2233 831 2294 blandumque
842 2234 938 2295 reliquit
948 2236 1065 2288 honorem

383 2336 492 2393 Sedibus,
508 2340 530 2381 dc
540 2336 648 2382 volucres
659 2334 737 2381 vetuit
747 2334 862 2381 discedere
873 2345 951 2385 natos.

384 2434 407 2479 0
418 2433 517 2493 longum
529 2431 683 2480 memoranda
695 2429 758 2477 dies!
777 2445 831 2490 quar
842 2441 922 2477 mente
933 2444 1030 2494 reporto

386 2524 497 2571 Gaudia!
516 2538 589 2585 quam
599 2525 667 2573 lassos
679 2535 720 2583 per
732 2531 768 2568 tot
779 2522 893 2568 miracula
905 2522 982 2571 visus!

341 2638 351 2672 ι
358 2637 369 2687 5
386 2622 512 2684 Ingenium
523 2636 596 2683 quam
608 2621 668 2668 mite
679 2622 745 2669 solol
762 2636 817 2682 quae
827 2621 904 2668 sorma
916 2623 992 2670 bearis

387 2720 447 2763 Arte
458 2728 544 2762 manus
555 2718 660 2764 concessa
671 2716 747 2764 locis!
765 2730 814 2762 non
825 2716 913 2777 larqua
926 2718 1027 2780 usquam

388 2814 487 2867 Indulfit
497 2815 590 2862 Natura
601 2813 652 2861 subi.
669 2827 767 2860 nemora
779 2815 826 2860 alta
838 2813 918 2861 citatis
989 2841 991 2845 -

390 2914 522 2961 Incubuere
532 2914 615 2974 vadis3
632 2914 707 2961 sallax
719 2913 835 2974 responsat
848 2913 928 2976 imago

390 3014 533 3071 Frondibus,
549 3018 570 3059 Sc
581 3014 664 3073 longas
675 3011 757 3058 eadem
768 3011 831 3073 sugit
843 3012 905 3059 unda
917 3026 959 3074 per
970 3017 1077 3069 umbrae.

326 3132 328 3140 ,
347 3128 378 3166 ao
395 3112 445 3173 Ipse
455 3111 534 3161 Anien
546 3110 665 3174 (miranda
678 3108 746 3169 fides)
759 3109 876 3171 infraque,
893 3112 1009 3173 superque

395 3212 492 3270 Saxeus,
509 3209 546 3260 hic
557 3210 677 3259 tumidam
689 3209 788 3269 rabiem,
805 3211 961 3277 spumosaque
970 3215 1043 3276 ponit

1040 3327 1122 3378 Murm
