2700 3900
304 525 336 595 re
439 512 493 577 'n
533 518 752 573 ruituri
792 523 980 577 srrrrt

367 669 434 717 Felix
445 668 488 715 ab!
510 669 526 716 fi
538 669 610 730 longa
620 666 680 727 dies,
696 670 713 714 si
724 681 820 715 cernere
831 668 913 716 ruitur

307 783 336 818 12
339 784 353 834 5
369 769 490 817 Natorum
500 766 633 830 viridesque
644 780 718 829 gener
728 767 773 815 tibi
780 766 846 828 justa
855 769 970 816 dedissent

365 864 490 913 Stamina!
507 865 546 913 sed
557 864 636 912 media
647 862 752 912 cecidere
761 865 863 926 abrupta
871 864 973 925 jurense

364 962 469 1019 Gaudia,
485 959 643 1022 florentesque
653 972 727 1006 manu
738 958 807 1007 scidit
817 963 926 1022 Atropos
935 973 1025 1009 annone

364 1059 449 1128 Qriia
461 1059 577 1121 pallentes
587 1054 709 1103 declinent
718 1054 770 1102 lilia
782 1055 885 1115 culmos,

365 1157 511 1206 Pubcntesve
520 1155 577 1202 rusie
587 1151 679 1215 primos
690 1152 829 1206 moriuntur
838 1152 869 1200 ad
880 1151 989 1214 Austros,

303 1272 349 1320 ¹30
366 1257 417 1302 Aut
428 1251 464 1300 uti
476 1265 548 1299 verna
558 1249 626 1297 novis
637 1248 731 1310 expiret
740 1262 847 1311 purpura
856 1249 943 1311 pratis.

363 1351 407 1398 iila
418 1348 540 1410 sagittiferi
552 1342 769 1403 circumvolitastis,
786 1346 898 1405 Amores,

364 1453 465 1509 Funera,
482 1458 639 1507 maternoque
650 1456 721 1507 rogos
731 1444 833 1493 unxistis
843 1459 960 1495 ememor

363 1550 415 1596 Nec
426 1546 512 1593 modue
523 1553 565 1591 aut
575 1543 661 1605 pennis
670 1543 754 1591 laceris
765 1554 807 1591 eut
818 1544 926 1592 crinibus
936 1545 1016 1608 ignem

363 1643 483 1703 Spargere,
499 1639 641 1698 collataque
650 1651 736 1699 pyram
746 1636 851 1685 struxere
860 1637 986 1700 pharetra.

303 1755 331 1804 ¹3
336 1755 348 1802 5
365 1740 430 1802 Qae
440 1746 498 1783 tunc
511 1733 616 1794 inseriae,
632 1744 675 1781 aut
685 1749 740 1796 quae
751 1734 856 1782 lamenta
865 1734 966 1785 dedisses

362 1834 488 1893 Maternis,
504 1833 608 1890 Etrusce‚
624 1832 696 1895 rogis,
712 1831 755 1893 qui
768 1831 852 1879 funera
863 1833 940 1895 petris

362 1934 434 1982 Haud
447 1944 541 1981 matura
552 1942 632 1995 putas,
648 1943 721 1993 atque
732 1930 774 1978 hos
786 1931 841 1994 pius
852 1931 956 1994 ingentis
968 1933 1057 1982 annor?

361 2029 435 2076 iilum
448 2031 477 2084 sc,
495 2025 537 2087 qui
549 2036 609 2071 nutu
621 2026 716 2087 superas
727 2038 791 2071 nunc
802 2035 922 2088 temperat
931 2040 997 2075 arces

362 2122 502 2184 Progeniem
513 2123 602 2168 claram
614 2121 682 2169 terrIs
694 2122 796 2183 partitus
808 2127 829 2170 de
841 2123 918 2182 astris,

301 2238 345 2283 ¹40
363 2224 442 2268 Lectus
453 2217 554 2267 ldumaei
565 2218 664 2266 donavit
675 2219 764 2266 honore
776 2219 892 2282 triumphi
903 2239 910 2267 e

360 2321 523 2383 Dignatusque
534 2322 587 2368 ioco
598 2320 703 2368 vidiricis
714 2326 736 2367 de
748 2321 831 2368 ordine
841 2336 938 2385 pompa

359 2422 416 2467 Non
426 2419 512 2480 vetuit,
530 2419 657 2480 tenuesque
668 2418 730 2465 nihil
741 2419 848 2465 minuere
856 2431 976 2480 parentes.

358 2522 441 2579 Atque
450 2519 514 2565 idem
526 2517 550 2564 in
562 2531 650 2565 cuneos
660 2519 779 2579 populum
791 2534 846 2565 cum
856 2519 928 2568 duxit
938 2520 1063 2581 equestrtS,

357 2615 513 2676 Mutavitque
522 2629 606 2675 genus,
623 2618 737 2677 saevaeque
748 2617 853 2677 ignobile
864 2617 955 2665 serrum

298 2732 342 2781 ¹45
360 2716 441 2773 Exuit,
458 2719 480 2761 sc
491 2715 549 2761 celse
560 2724 672 2763 natorum
684 2717 790 2778 aequauit
801 2717 894 2766 honori.

356 2817 446 2864 Dextra
457 2814 493 2861 bIs
504 2813 597 2861 odionis
609 2814 732 2863 fluxerunt
742 2816 826 2864 saecula
837 2817 926 2875 lustris,

356 2917 439 2975 Atque
449 2913 494 2960 aevi
506 2914 553 2959 sine
564 2913 627 2960 nube
639 2923 714 2962 tenor.
746 2916 825 2970 Quam
836 2915 902 2963 diues
914 2916 940 2964 in
952 2918 1008 2967 usus

355 3008 485 3066 Natorum,
502 3017 603 3068 totoque
613 3009 694 3054 volens
705 3010 817 3056 excedere
827 3011 906 3069 censu,

356 3101 435 3148 Testis
446 3099 524 3149 adhuc
535 3102 594 3162 largi
606 3102 670 3150 nitor
682 3102 736 3149 inde
747 3105 850 3151 assuerus
861 3105 982 3164 Hetrusci,

290 3210 338 3263 150
355 3194 403 3246 Coi
415 3205 456 3246 tuo
468 3209 518 3247 non
528 3196 634 3264 humiles
644 3197 711 3248 dedit
721 3198 872 3260 induigentia
880 3214 969 3249 unctes.
