2700 3900
297 523 342 590 158
464 521 491 569 P.
528 518 745 567 PAPINII
785 517 968 566 s'ra'r11

359 659 561 710 Admisere-Deae
579 674 622 707 nee
633 657 697 707 enim
710 658 769 707 mihi
782 661 855 708 srdera
866 658 927 708 tanti

359 759 517 819 AEquoraque
528 760 550 803 8ο
561 763 642 814 terras,
659 769 732 817 quam
743 770 787 803 vos
797 756 882 803 debere
892 754 989 818 parenti.

358 861 399 905 Tu
411 859 481 906 decus
493 857 538 904 lroc
549 854 709 918 quodcunque
719 857 784 915 lyrae,
800 856 936 918 primusque
947 853 1018 903 dedisli

359 956 416 1001 Non
426 954 522 1014 vulgare
533 951 608 1013 loqui,
624 957 646 998 δι
656 953 746 1000 samam
758 953 848 1014 sperare
859 954 985 1016 sepulchro.

298 1073 327 1108 21
332 1071 344 1121 5
384 1055 443 1102 ualis
454 1068 514 1112 eras,
529 1052 609 1100 Latios
620 1051 713 1113 quoties
726 1067 770 1113 ego
780 1053 887 1100 carmine
896 1064 973 1116 patres

358 1153 500 1208 Mulcerem,
516 1148 620 1210 felixque
631 1147 667 1194 tui
679 1149 795 1209 spe&ator
805 1149 892 1197 adesses
915 1143 917 1147 ’

358 1245 481 1294 Muneris!
500 1244 545 1290 heu
557 1242 621 1305 quali
633 1243 744 1290 confusus
756 1244 843 1304 gaudia
854 1245 923 1303 fletu,

359 1346 424 1392 Vota
435 1342 533 1405 piosque
544 1351 621 1388 metus
633 1340 702 1399 iuter,
718 1341 851 1402 laetumque
863 1343 990 1403 pudorem!

359 1442 436 1504 Qam
447 1448 504 1485 tuus
515 1437 555 1484 ille
564 1436 627 1483 dies!
645 1451 719 1498 quam
730 1450 779 1483 non
791 1437 851 1485 milri
863 1436 938 1499 gloria
951 1438 1018 1501 major

296 1551 344 1586 220
360 1534 427 1582 Talis
438 1531 577 1592 Olympiaca
586 1530 698 1592 juvenem
709 1546 765 1578 eum
775 1531 864 1592 speelat
874 1545 945 1581 arena

359 1629 406 1695 Qi
417 1627 507 1690 genuit,
522 1628 576 1688 plue
588 1626 635 1689 ipse
646 1627 708 1685 serit,
724 1629 778 1689 plus
790 1628 860 1675 corde
872 1630 913 1677 sub
925 1633 975 1678 alto

358 1712 481 1777 Caedirur:
498 1726 625 1774 attendunt
635 1727 704 1774 cunei
714 1744 722 1788 ;
739 1727 856 1789 spectatur
867 1727 967 1776 athletea

359 1832 402 1878 llle
413 1828 497 1891 magis,
514 1827 595 1875 crebro
605 1827 664 1873 dum
675 1825 768 1873 lumina
778 1825 883 1887 pulveris
893 1827 977 1875 haustu

361 1928 457 1986 Obruit,
474 1926 587 1989 &prensa
599 1934 667 1971 vovet
679 1922 785 1985 expirare
797 1938 893 1972 corona.

293 2042 340 2091 225
358 2026 403 2074 Hei
416 2025 474 2072 milri
486 2024 549 2086 quod
561 2032 655 2069 tantum
665 2021 753 2082 patrias
764 2034 808 2082 ego
819 2021 907 2070 vertice
917 2022 1008 2072 frondes

359 2123 461 2181 Solaque
472 2118 613 2167 Chalcidicae
627 2118 730 2164 Cerealia
742 2118 804 2163 dona
817 2132 911 2165 corona>

360 2219 397 2264 Te
409 2218 450 2262 sub
461 2216 518 2261 tesle
530 2216 572 2261 tuli
587 2216 592 2261 l
612 2215 707 2274 qualem
719 2224 742 2259 re
754 2215 878 2261 Dardanus
890 2216 959 2264 Albae

360 2313 409 2358 Vix
421 2310 514 2372 cepisset
525 2323 586 2369 ager,
602 2310 618 2355 s1
631 2324 672 2370 per
683 2323 722 2355 me
733 2309 790 2355 serta
802 2309 891 2356 tulisses

359 2411 463 2459 Caesarea
474 2410 560 2455 donata
572 2407 658 2454 manu!
678 2408 741 2467 quod
753 2407 849 2452 subdere
860 2407 933 2453 robur

297 2527 345 2574 230
360 2511 403 2557 illa
415 2509 473 2566 dies,
490 2516 606 2569 quantum
620 2506 699 2567 potuit
711 2506 831 2566 dempsisse
842 2506 955 2553 seneslae!

360 2607 414 2650 Heu
426 2603 490 2663 quod
502 2616 540 2648 me
552 2602 628 2649 mixta
639 2615 739 2663 quercus
752 2615 800 2647 non
811 2603 890 2662 pressit
901 2601 974 2659 oIIva,

359 2701 391 2747 Et
400 2696 462 2757 sugit
473 2696 577 2756 speratus
588 2697 672 2754 honos,
689 2711 744 2742 curn
756 2696 838 2743 Lustra
848 2696 956 2743 Parentis

358 2795 441 2845 Invida
452 2793 549 2854 Tarpeii
561 2793 683 2839 canerem!
707 2795 743 2838 Te
754 2793 833 2839 nostra
844 2792 959 2853 magistro

357 2893 463 2943 Thebais
475 2894 572 2953 urgebat
584 2892 713 2952 priscorum
726 2891 821 2938 exordia
833 2902 934 2939 vatum:

296 3008 342 3057 235
359 2992 397 3035 Tu
410 2998 493 3034 cantus
505 2987 625 3032 stimulare
636 2999 710 3045 meos,
729 2995 754 3031 tu
766 2986 868 3045 pandere
879 2985 943 3032 faela

358 3086 480 3141 Heroum3
499 3082 602 3141 bellique
613 3081 705 3136 modos,
723 3081 856 3141 posrtusque
867 3082 976 3128 locorum

354 3178 519 3233 Monstrabaa.
533 3179 600 3231 labar
609 3178 701 3230 ineerro
710 3176 771 3226 quui
781 3178 859 3229 limite
869 3180 949 3228 cursus
