2700 3900
293 545 340 596 aab
455 539 482 589 P.
523 539 742 587 PAPINII
782 540 972 590 sanan

361 684 406 734 Sed
418 681 486 730 ducis
499 681 591 728 infandi
604 681 693 728 rabida
704 695 754 729 non
765 681 882 730 haetenus
895 682 936 732 irae
988 735 990 740 ,
1065 665 1069 676 ’

364 781 430 828 Stare
441 789 541 842 queunt.
557 789 622 826 vetat
634 779 689 839 igne
699 778 760 840 rapi,
776 795 911 843 pacemque
921 777 1025 843 sepulchri

364 876 467 939 Impius,
484 875 572 938 ignaris
583 877 744 938 nequicquam
758 860 871 924 manibus
883 889 954 925 arcet.

368 979 408 1024 Tu
419 987 502 1024 tamen
513 977 620 1038 egregius
631 974 684 1033 sari,
702 975 845 1036 mentisque,
861 990 907 1024 nec
918 989 1018 1037 unquam

307 1085 354 1122 ano
370 1067 499 1131 Indignum
510 1070 601 1130 passure
611 1068 692 1124 sutum,
708 1067 750 1129 qui
762 1067 876 1114 cominus
886 1069 956 1116 ausus

370 1167 463 1215 vadere
479 1176 646 1230 contemptum
658 1165 728 1228 regis.
744 1180 842 1228 quaque
853 1170 935 1230 ampla
946 1167 1027 1215 veniret
1067 1154 1069 1157 ⁵

369 1236 478 1316 ¹Libertas
488 1267 579 1332 sancire
588 1266 661 1314 viam.
679 1279 729 1327 quo
739 1265 846 1313 carmine
856 1265 964 1327 dignam,

371 1369 427 1433 Qo
437 1365 493 1413 satis
503 1379 544 1412 ore
555 1363 604 1416 tuis
615 1364 706 1414 samam
717 1361 849 1410 virtutibus
864 1364 961 1425 addam,

372 1466 460 1525 augur
470 1474 549 1512 amate
559 1461 608 1510 dele
619 1465 628 1510 ?
645 1475 695 1512 non
707 1471 731 1509 te
741 1463 845 1512 coelellia
856 1464 943 1518 frustra

256 1624 262 1639 κ
311 1573 356 1625 ¹05
373 1559 484 1619 Edocuit‚
500 1561 616 1622 lauroque
625 1560 666 1608 sua
677 1557 788 1620 dignatus
798 1561 890 1621 Apollo
900 1561 941 1616 est,

372 1664 402 1710 Et
413 1675 540 1711 nemorum
550 1662 652 1710 Dodona
662 1675 756 1723 parens,
772 1662 934 1725 Cyrrhaeaque
944 1662 1007 1724 virgo

374 1761 483 1808 Audebit
492 1761 568 1809 tacito
577 1761 681 1823 populos
690 1760 827 1823 suspendere
837 1763 938 1811 Phoebo.

375 1859 448 1904 Nunc
460 1871 557 1920 quoque
567 1859 683 1904 Tartareo
694 1857 799 1905 multum
810 1857 900 1906 divisus
912 1864 1003 1906 Averno

376 1958 472 2018 Elysias,
489 1958 506 2014 i,
523 1972 592 2019 carpe
602 1958 699 2018 plagas:
719 1956 759 2005 ubi
772 1957 885 2004 manibus
896 1959 948 2009 axis

315 2062 362 2099 110
378 2048 460 2095 invius
472 2050 580 2110 Ogygiis,
596 2063 640 2096 nec
650 2049 724 2097 sontis
735 2049 818 2111 iniqua
829 2051 939 2111 Tyranni

377 2150 440 2213 Jussa
451 2148 538 2193 ualent.
555 2148 642 2194 durant
653 2147 758 2205 habitus,
775 2154 796 2193 δι
806 2150 915 2206 membra
925 2148 1021 2195 cruentis

377 2243 494 2293 Inviolata
505 2231 570 2300 seris,
587 2244 701 2304 nudoque
711 2245 753 2291 sub
764 2258 808 2291 axe
816 2244 938 2306 jacentem

377 2346 409 2393 Et
420 2356 512 2400 nemus,
530 2347 551 2388 δι
563 2341 635 2387 tristis
646 2343 772 2392 volucrum
784 2342 914 2390 reuerentia
926 2345 1004 2390 servat.

380 2449 414 2494 At
425 2453 507 2504 nuptae
518 2442 648 2499 exanimes,
665 2442 788 2504 puerique,
804 2442 910 2505 agrique
921 2454 1025 2505 parentet

318 2563 343 2608 1¹
350 2560 361 2609 5
379 2542 504 2591 Moenibus
515 2542 581 2589 effusr
593 2555 635 2601 per
645 2543 725 2601 plana,
740 2557 782 2603 per
793 2542 866 2600 invia,
883 2545 967 2603 passim

379 2637 484 2701 Qisque
495 2637 546 2682 suas
557 2635 620 2682 avidi
632 2639 660 2682 ad
673 2638 805 2698 lachrymas
814 2640 947 2687 miserabile
958 2649 1049 2688 currunt

378 2739 506 2787 Certamen
514 2751 528 2798 ιΙ
540 2748 599 2793 quos
611 2734 680 2783 densa
691 2736 764 2795 gradu
776 2736 926 2786 comitantur
934 2750 1017 2786 euntes

379 2836 461 2891 Mlllla
471 2834 560 2884 solandi
572 2834 664 2895 studi03
683 2850 737 2896 pars
745 2835 816 2884 visere
828 2838 932 2898 flagrant

381 2934 460 2985 Unius
472 2934 523 2980 asta
535 2931 589 2992 viri,
608 2937 629 2979 δι
641 2942 721 2979 tantos
733 2934 757 2979 in
770 2936 839 2981 nodie
850 2936 953 2987 labores.

320 3048 366 3098 ano
381 3034 465 3078 Fervet
477 3029 523 3076 iter
533 3029 632 3091 gemitu,
650 3035 671 3076 δι
683 3031 836 3091 plangoribus
849 3047 906 3080 arva
917 3028 1052 3085 reclamant.

381 3133 416 3179 Ut
423 3141 478 3175 vero
490 3128 590 3176 infames
601 3130 718 3190 scopulos,
736 3131 873 3194 sylvamque
884 3136 1014 3184 nefandam

377 3238 544 3307 simillium>
560 3244 607 3294 bell
616 3230 688 3292 nulia
695 3228 889 3293 nriuelamem,
898 3248 945 3281 m
952 3236 1001 3292 ψ
1043 3236 1046 3240 -

1044 3321 1081 3363 W
