2700 3900
297 545 345 613 ¹3⁶
459 540 488 592 r.
528 502 745 589 rantum
788 539 975 591 orarii

359 687 429 738 Vidit
439 683 532 749 quippe
540 681 576 746 pii
584 683 682 745 juvenis
694 697 822 747 raramque
833 685 949 748 quietem,

357 786 526 845 intactamque
536 783 619 840 fidem,
636 783 805 846 succineaque
815 752 913 846 pestesra
923 784 992 846 curia,

355 885 387 931 Et
398 881 481 944 vigilet
491 879 579 937 sensus,
594 883 616 926 dr
627 879 700 940 digne
710 881 819 928 evolvere
829 891 909 930 tantm
942 888 946 897 '

356 980 440 1029 Sobria
452 978 523 1026 corda
534 977 616 1038 vicee3
634 976 704 1035 vidit,
720 977 764 1039 qui
774 971 864 1027 euntia
873 981 968 1028 suorum

311 1078 344 1126 to
359 1075 444 1134 Novit,
460 1079 483 1122 ιι
494 1072 604 1136 inspeetis
615 1072 692 1119 ambit
702 1073 767 1120 letus
778 1088 852 1123 omne
862 1076 982 1124 ministria.

357 1175 409 1222 Nec
420 1171 527 1220 mirum:
545 1169 612 1217 videt'
621 1168 661 1216 ille
670 1179 749 1229 ortua,
765 1171 911 1236 obitusque3
929 1165 1060 1236 quitantur

356 1274 421 1330 Quid
433 1274 519 1321 Boreas
530 1269 643 1318 hiberum
653 1257 725 1331 agat'q
742 1270 849 1334 ferrique
859 1285 968 1336 togaeque

356 1369 476 1430 Consilia5
494 1379 568 1430 atque
578 1366 653 1429 ipsam
664 1378 771 1415 mentem
782 1370 878 1431 probet.
894 1371 935 1419 ille
945 1368 1034 1419 subadit

356 1468 450 1516 Molem
462 1465 603 1515 immensam
614 1465 729 1522 humeris,
746 1469 768 1512 sc
777 1465 819 1513 rix
830 1469 956 1517 tractabile
964 1467 1045 1532 pontu

310 1569 340 1632 85
358 1565 483 1630 imposuit,
500 1567 556 1629 (nee
566 1563 631 1613 enim
640 1566 788 1612 numerosior
797 1566 873 1612 altera
883 1566 948 1615 sacra

356 1670 421 1716 Cura
432 1664 516 1726 domo)
529 1678 644 1727 magnum
655 1664 704 1713 late
713 1662 835 1711 dimittere
847 1665 873 1713 in
884 1667 968 1714 orbem

357 1764 472 1814 Romulei
484 1763 597 1811 mandata
607 1761 700 1822 Ducis;
717 1761 824 1824 viresque
835 1764 967 1825 modosque

357 1862 455 1925 imperii
468 1862 568 1910 tradtare
579 1873 670 1908 manue
688 1874 743 1922 quae
754 1860 837 1908 laurus
848 1861 879 1907 ab
891 1862 974 1920 Ateio,
991 1927 997 1943 ⁹

358 1969 421 2024 Quid
433 1981 507 2027 vagus
519 1966 659 2027 Euphrates,
677 1964 736 2027 quid
748 1965 799 2027 ripa
811 1952 945 2014 binominis
956 1964 1014 2025 Islri,

312 2087 342 2135 9⁰
359 2069 422 2136 Qid
434 2064 513 2112 Rheni
523 2064 610 2111 vexilla
620 2064 715 2111 seranta
734 2076 854 2126 quantum
865 2067 967 2116 ultimus
978 2066 1037 2115 orbis

356 2162 463 2223 Celierit,
481 2166 501 2208 tc
513 2162 589 2208 refluo
601 2162 750 2209 circumsona
761 2162 856 2223 gurgite
866 2163 955 2215 Thule.

356 2264 447 2314 Omnia
459 2278 514 2310 nam
527 2263 593 2309 laetas
604 2262 653 2325 pila
665 2264 800 2311 attollentia
810 2265 917 2325 frondes,

356 2365 478 2425 Nullaque
487 2362 577 2408 famosa
588 2364 696 2423 signatur
705 2362 788 2408 lancea
798 2361 881 2423 pinna.

357 2470 482 2522 Praeterea,
498 2464 559 2510 fidos
570 2460 690 2509 Dominus
702 2462 719 2508 st
730 2460 821 2508 dividat
831 2463 906 2521 enses,

310 2579 340 2628 95
358 2560 463 2609 Pandere
473 2559 528 2621 quis
539 2569 636 2605 centum
647 2560 725 2605 valeat
736 2559 828 2605 frenare
839 2560 961 2621 maniplos

357 2654 506 2704 intermissus
517 2668 605 2714 eques:
623 2656 680 2716 quia
689 2656 823 2717 praecepisse
833 2657 927 2705 cohorti
938 2672 946 2704 a

356 2758 434 2817 Qrcm
444 2753 527 2800 deceat
538 2754 595 2800 clari
607 2755 756 2815 praeslantior
766 2756 825 2802 ordo
836 2755 945 2804 tribunir

356 2853 470 2917 Qisnam
482 2851 604 2912 frenigerae
616 2855 709 2913 signum
720 2832 882 2915 dare'dignior
893 2856 948 2903 alae.

356 2951 426 2999 Mille
437 2951 510 2996 etiam
522 2952 636 3011 praenosse
647 2949 725 2996 vices:
744 2965 775 2997 an
786 2952 892 2998 merserit
903 2965 975 3015 agree

295 3070 339 3102 roo
356 3054 437 3108 Nilus,
455 3066 485 3098 an
497 3051 620 3099 imbrifero
632 3051 705 3111 Libye
716 3052 835 3099 sudaverit
848 3053 953 3101 Austroe

355 3147 497 3208 Cunsiaque
509 3150 524 3194 sr
537 3161 670 3205 numerem,
687 3161 736 3194 non
748 3149 816 3209 plura
829 3148 959 3210 interprete
969 3147 1036 3210 virga

348 3248 460 3300 Nuntiat
472 3261 485 3297 e
497 3247 566 3298 celhs
578 3243 787 3308 aleeTeqeaticue
796 3244 879 3303 mnu

1082 3323 1099 3363 Q
