2700 3900
292 548 326 599 2⁶
463 545 491 594 Ρ.
529 542 746 593 enarum
786 541 985 597 STATH

356 692 414 738 Non
426 689 519 737 labente
530 689 613 736 Numa
625 685 709 735 timuit
720 687 751 734 lic
762 685 830 734 curia
843 687 916 748 felix,

359 784 476 848 Pompeio
486 799 531 833 nec
540 785 616 832 celius
627 797 708 846 eques,
724 796 768 830 uec
778 783 871 831 femina
883 786 974 837 Bmtu.

359 884 413 931 Hoc
424 883 501 944 illud3
519 882 597 931 tristes
608 881 715 928 invitum
726 879 808 928 audire
819 892 929 943 catenae,

359 985 457 1032 Parcere
469 983 614 1041 verberibus,
630 996 674 1029 nec
686 995 733 1044 qua
742 981 811 1042 jubet
822 982 872 1029 alta
882 984 994 1045 pucellae

312 1096 345 1148 45
361 1085 406 1141 lre,
422 1082 460 1128 l'ed
471 1090 575 1127 armatas
586 1082 692 1127 multum
704 1078 745 1126 ribi
757 1079 851 1126 demere
862 1080 938 1141 vireu,

359 1179 508 1244 Dignarique
518 1194 605 1228 manus
616 1179 730 1237 humilea,
746 1183 769 1227 ar
780 1179 853 1227 verba
863 1192 1027 1246 precantum

360 1279 530 1342 Redderejura
541 1281 602 1336 loro,
619 1291 663 1325 nec
674 1277 814 1340 proturbare
825 1281 930 1340 curules,

360 1382 392 1427 Et
402 1381 492 1427 iarum
503 1375 608 1426 mulcere
619 1387 683 1440 toga.
700 1375 790 1424 licitur
801 1375 826 1424 in
837 1379 887 1425 alta

360 1478 468 1533 Pediora,
483 1477 514 1522 lie
526 1473 604 1522 mixto
615 1473 746 1522 reverentia
757 1475 810 1522 lidie
821 1475 908 1524 amori.

316 1587 346 1636 5ο
363 1574 413 1635 lpsa
423 1572 498 1619 etiam
510 1572 609 1618 cuneos
620 1572 699 1633 gravis
710 1571 863 1620 inclementia
871 1573 917 1621 lati

360 1672 465 1730 Terruit,
483 1672 586 1719 &subiti
599 1687 704 1736 praeceps
712 1673 819 1734 juvenile
830 1673 925 1735 pericli,

359 1772 402 1819 Nil
413 1769 541 1819 cundianre
551 1772 624 1817 malo.
640 1784 690 1817 non
702 1770 761 1817 illud
773 1771 843 1833 culpa
854 1770 964 1828 fenestre,

361 1869 466 1938 (Qippc
478 1883 504 1914 ea
516 1867 610 1916 billenis
621 1866 661 1914 vix
674 1867 733 1914 dum
744 1869 795 1914 orsa
806 1868 920 1915 excedere
931 1868 1024 1929 lustris)

360 1970 403 2016 Sed
415 1969 482 2016 labor
493 1969 627 2027 intendens,
645 1966 770 2028 animique
781 1967 806 2013 in
817 1967 926 2014 membra
938 1967 1039 2030 vigentis

314 2078 343 2129 55
361 2063 501 2126 Imperium,
517 2061 645 2124 vigilesque
657 2063 699 2109 suo
710 2077 754 2123 pro
765 2063 855 2109 errare
867 2077 941 2121 curre,

359 2160 436 2207 Dulce
446 2172 515 2218 opus.
532 2158 588 2205 hinc
596 2159 664 2205 lellos
676 2158 773 2219 penitus
783 2160 897 2221 subrepsti
908 2158 935 2206 in
946 2170 1014 2208 artus

359 2249 470 2309 lusidiosa
481 2260 557 2321 quiec,
574 2264 595 2306 de
607 2259 674 2321 pigra
686 2260 775 2307 oblivia
785 2260 851 2310 vitae.

359 2363 431 2409 Tunc
442 2362 515 2419 Deus,
532 2359 616 2423 Alpini
628 2360 670 2422 qui
679 2360 750 2421 juxta
762 2362 868 2408 culmina
879 2363 940 2409 dorsi

359 2462 443 2524 Signat
455 2462 582 2525 Apollineo
593 2462 685 2508 sandica
697 2461 841 2521 cognomine
852 2462 920 2508 lucos

312 2563 344 2612 ⁶0
360 2562 475 2624 Respicit,
492 2561 537 2608 heu
549 2562 610 2610 tanti
623 2562 716 2624 pridem
728 2564 822 2609 securus
834 2562 926 2610 alumni

358 2663 525 2726 Perpessusque
535 2678 630 2711 morasr
648 2666 704 2711 Huc
716 2679 822 2722 mecum,
838 2665 969 2727 Epidauria
981 2669 1039 2729 prol«

358 2764 423 2823 Huc,
442 2759 497 2808 altis
508 2762 631 2825 gaudens,
649 2762 721 2810 datur
731 2762 889 2825 aggredienda
901 2765 1006 2812 facultas

357 2860 482 2921 ingentem
494 2872 597 2906 recreare
607 2858 704 2907 virum:
723 2872 848 2907 teneamus
861 2860 938 2908 adorti

357 2955 494 3003 'rendentes
503 2954 555 3016 jam
566 2956 607 3002 fila
618 2956 701 3002 colos:
719 2970 763 3003 nee
775 2955 885 3002 fulminis
897 2955 942 3002 atri

311 3053 342 3117 65
359 3051 395 3098 Sit
406 3062 499 3113 metus,
517 3051 559 3098 lias
570 3053 635 3098 ultro
646 3052 755 3100 laudabit
765 3052 879 3118 Juppiter
889 3063 968 3101 artes:

355 3149 421 3196 Nam
433 3160 511 3209 neque
520 3148 648 3210 plebeiam,
666 3161 708 3197 aur
718 3151 804 3198 dextro
817 3153 865 3197 srne
876 3151 977 3198 numine
987 3163 1038 3201 eret

330 3293 333 3301 ,
356 3246 428 3297 Servo
439 3242 555 3297 animam.
567 3254 640 3309 atque
650 3246 721 3307 adeo,
738 3248 850 3305 breviter,
861 3248 920 3300 dum
933 3250 995 3297 reela
1006 3250 1040 3297 sul

997 3344 1040 3403 Ex}
