2700 3900
289 544 345 613 ‘eje
461 533 492 599 vr
528 534 748 605 ruceium
787 533 975 585 suurn

359 682 477 743 Emptum
488 678 545 742 plue
555 676 638 726 minus
649 678 695 724 effe
705 674 808 737 Gaiano,

358 779 449 829 nonae.
460 777 636 840 usqueadeone
647 776 776 825 defuerunt

359 875 440 925 Sciffrr
450 874 513 939 pilea
523 874 575 922 suta
586 873 617 922 dc
627 874 746 923 lacernis?

314 976 347 1044 ²3
361 968 410 1025 vel
419 964 541 1033 uuuutilia,
557 972 671 1023 luridaeve
681 988 778 1038 mappae
788 976 798 1024 l

331 1078 335 1087 '
360 1072 467 1133 Chone,
484 1069 652 1131 Thebaicaeve,
668 1070 802 1121 aficere?

359 1169 488 1233 Nusquam
498 1167 596 1218 turbine
606 1167 719 1218 conditus
729 1167 809 1216 ruenti

360 1271 498 1319 Prunorum
510 1269 604 1333 globus,
620 1277 693 1331 atquc
701 1267 878 1329 coclanorum?

361 1368 420 1416 Nou
430 1365 548 1430 ellychnia
558 1367 628 1425 ficcu,
644 1379 693 1415 nou
704 1365 815 1428 repliclae·

316 1481 348 1533 30
363 1467 497 1515 Bulborum
509 1463 607 1524 tunice,
623 1479 667 1515 nec
678 1480 724 1514 ove
734 1469 851 1515 tentum?

364 1563 422 1610 Nou
432 1561 495 1609 levee
504 1559 582 1619 elice,
598 1574 642 1611 uec
653 1562 762 1624 asperum
772 1561 826 1609 lar?
911 1614 916 1624 ¹

360 1657 487 1720 Nusquam
498 1656 626 1720 Cinyphiis
636 1666 722 1722 vegeta
732 1658 826 1720 campis

361 1751 497 1799 curvarum
507 1748 594 1799 domuc
605 1749 834 1799 udacocblearum?

362 1848 419 1896 Nou
429 1846 524 1895 lardum
535 1818 614 1911 breve,
632 1845 744 1895 debilisve
754 1850 847 1909 perna?

316 1962 330 2013 3
334 1962 347 2015 5
363 1948 421 1996 Nou
432 1945 561 2009 Lucanica,
578 1962 627 1995 uon
638 1960 720 2009 graves
731 1944 841 2005 Phalisci,

363 2045 422 2092 Non
432 2045 473 2102 sel,
489 2057 662 2106 oxyporumve,
679 2043 792 2102 caseusve,

362 2144 416 2188 Aut
424 2154 498 2203 panes
508 2139 635 2189 viridantis
645 2140 787 2204 aphronitri,

362 2231 410 2285 Vel
420 2238 512 2299 pulsum
524 2236 624 2298 psythiis
635 2236 683 2285 suis
694 2238 824 2296 recoctum,

363 2334 436 2384 Dulci
447 2334 541 2383 defruta
552 2337 590 2383 vel
601 2336 678 2384 lutosa
688 2350 758 2383 coeno
769 2340 778 2383 ?

314 2448 349 2498 40
363 2436 488 2501 Qanturn
499 2436 537 2483 vel
549 2435 604 2484 darc
615 2449 695 2483 cereos
706 2437 806 2495 olentes,

363 2533 504 2592 (tunellum,
521 2533 630 2580 tenuesve
641 2531 783 2581 codicillos?
821 2582 823 2586 .

362 2627 464 2684 oneres,
480 2640 547 2689 rogo,
564 2642 613 2675 non
624 2630 713 2676 licebat
725 2643 791 2686 uvas,

361 2725 473 2772 Cumano
484 2723 579 2784 patinas
589 2726 627 2772 vel
638 2725 696 2780 orbe
706 2736 792 2785 tortae,

360 2823 413 2868 Aut
424 2833 498 2867 uuam
509 2820 565 2867 darc
575 2820 692 2881 syntlresru
703 2821 774 2886 (quid
785 2821 864 2870 horres
875 2823 896 2884 ?)

314 2932 347 2983 45
364 2920 484 2966 Alborum
496 2919 609 2981 calicum,
627 2931 701 2982 atquc
711 2922 889 2969 caccaborum?

364 3019 409 3066 Sed
420 3028 484 3065 certa
495 3021 560 3067 velut
572 3034 655 3083 aequus
667 3020 693 3068 in
704 3020 799 3080 statera,

364 3116 408 3164 Nil
419 3127 509 3174 mutas,
526 3117 563 3164 sed
576 3118 639 3166 idem
650 3118 712 3166 nihil
724 3121 841 3183 repcudIs.

357 3218 444 3291 Qid?
464 3220 480 3269 fr
493 3234 553 3272 cum
564 3219 626 3272 bcuc
637 3233 710 3271 meuc
719 3220 867 3294 leuiucrubue
