2700 3900
284 502 317 552 ¹8
448 498 476 547 t.
514 494 736 545 vaurts-11
773 492 974 545 ΗΑΤΗ

306 657 337 709 95
354 643 425 700 Nate,
441 640 505 706 Josi.
522 637 729 703 rogsthoehtioe
739 647 808 700 peter
817 636 928 699 inclytus
940 639 1024 688 ufoiss

354 743 385 790 Et
397 738 485 787 meruit
497 742 587 803 (neque
597 738 663 786 enim
674 737 761 784 sensim
772 735 833 784 mihi
845 750 928 799 nuper
938 739 1031 787 Ιιωαι
1067 742 1076 765 ·'

357 840 473 888 Carmina
484 838 586 902 patritio
594 835 663 900 pueri
673 835 784 883 sonuistis
796 834 821 882 in
832 835 910 894 ostro)

358 939 384 986 sr
395 953 443 1002 qua
455 937 576 986 sarutrrem
587 935 677 998 ,eninr
688 914 800 982 curtim
811 934 837 982 rn
847 945 921 983 anem

359 1037 450 1097 Herba,
468 1035 535 1083 tholo
547 1035 708 1096 quodcunque
718 1032 764 1079 tibi
774 1031 882 1092 Trojsna
894 1035 1008 1083 recondit

298 1145 345 1181 too
362 1133 500 1194 Pergamus,
517 1139 560 1177 aut
572 1129 672 1176 medicis
682 1128 741 1176 ieiix
752 1127 888 1190 Epidaurus
900 1130 983 1178 arenis
1070 1128 1074 1143 '

362 1232 471 1291 educat,
489 1230 553 1277 Idaea
565 1229 656 1291 profert
666 1241 741 1290 quam
753 1228 822 1274 Creta
833 1225 876 1273 iub
888 1228 979 1276 umbra

362 1332 486 1381 Didiamni
497 1329 606 1380 florentis
617 1342 699 1391 opem,
716 1342 813 1392 quoque
824 1328 911 1390 anguis
921 1331 1033 1379 abundat

364 1428 492 1489 Spumatu.
507 1427 608 1487 jungam
621 1424 669 1486 ipse
681 1438 776 1482 manue,
793 1434 866 1486 atque
876 1437 952 1472 omne
963 1426 1091 1490 benignum

364 1526 448 1583 Virus,
464 1522 590 1570 odoriferis
602 1522 712 1568 Arabum
723 1522 788 1583 quod
799 1521 883 1568 dusius
894 1521 922 1568 in
933 1523 1009 1584 arvis,

303 1639 349 1689 ¹05
367 1627 419 1672 Aut
431 1621 603 1684 Amphrysiaco
615 1621 695 1682 pastor
704 1621 734 1668 de
745 1621 852 1682 gramine
862 1623 946 1683 carpsi.

366 1719 484 1768 Dixerat:
502 1717 629 1766 inveniunt
638 1719 727 1779 positos
736 1716 787 1779 jam
799 1716 898 1780 segniter
909 1729 987 1779 artus,

366 1819 566 1883 Pugnantcmque
577 1817 694 1867 animaru.
710 1817 758 1866 ritu
770 1819 793 1865 se
803 1817 880 1880 cingit
891 1829 995 1882 uterque

367 1918 474 1980 Peonio,
491 1919 673 1981 monstrantque
684 1916 762 1975 srmul,
779 1927 911 1979 parentque
922 1919 1048 1984 volentcs3

370 2017 453 2065 Donec
463 2017 569 2064 retiferas
581 2017 647 2063 vario
658 2015 817 2062 medicamine
828 2015 912 2076 pestes,

309 2117 358 2153 no
375 2108 405 2154 Et
417 2107 521 2167 suspecta
533 2106 590 2153 muli
604 2116 719 2167 ruperunt
731 2106 814 2153 nubila
822 2106 908 2153 somni.

372 2203 479 2265 Adjuvat
492 2203 539 2265 ipse
552 2205 623 2261 Deos,
640 2205 774 2266 morboque
784 2203 902 2250 valentius
914 2206 983 2253 omni
1059 2257 1062 2268 Ι

373 2302 485 2362 Occupat
495 2299 623 2347 auxilium.
641 2300 713 2347 citius
723 2315 772 2347 nou
784 2312 833 2349 arte
844 2302 946 2350 resectus

373 2399 496 2461 Telephus
507 2399 643 2460 AEmonia;
662 2412 706 2445 nec
717 2413 772 2460 quae
784 2400 913 2447 metuentis
925 2401 1020 2450 Atridae

375 2494 442 2544 saeva
453 2495 600 2542 Machaonio
611 2493 722 2541 coierunt
732 2496 829 2541 vulnera
841 2496 918 2544 succo.

313 2603 340 2641 ιι
346 2603 358 2652 5
376 2590 435 2656 Qis
447 2590 517 2648 mihi,
534 2600 570 2636 tot
583 2591 679 2652 questus
690 2592 752 2637 inter
762 2592 894 2653 populique
904 2604 1061 2659 patrumque,

376 2687 412 2734 sit
423 2701 495 2745 curre,
511 2686 609 2748 votique
620 2689 706 2735 locus?
723 2698 805 2735 tamen
816 2690 889 2738 ardua
900 2691 973 2737 testor

377 2784 467 2841 Sidera,
484 2793 563 2846 teque,
580 2794 646 2845 pater
656 2796 740 2835 vatum
751 2786 904 2846 Thymbraee,
920 2789 975 2850 quis
987 2792 1056 2840 omni
1074 2821 1076 2826 ·

378 2887 443 2933 Luce
455 2886 524 2942 mihi,
540 2884 595 2947 quis
605 2887 675 2933 nudie
686 2887 774 2950 timor3
791 2890 851 2937 dum
862 2891 969 2951 postibus
981 2893 1075 2943 haercns

380 2982 502 3042 Assiduus,
520 2995 584 3029 nune
595 2996 652 3029 aure
663 2982 730 3044 vigil,
746 2999 810 3032 nunc
822 2987 922 3045 lumine,
939 2991 1027 3039 cunila
1078 2991 1082 2999 ’

320 3096 366 3137 120
383 3083 507 3141 Aucupor.
524 3080 644 3129 immensae
655 3084 730 3131 veluti
742 3100 850 3133 connexa
862 3089 950 3137 carinae

382 3181 476 3244 cymba
487 3180 574 3242 minor,
591 3198 648 3240 cum
659 3185 725 3235 saevit
737 3191 827 3248 hyems,
843 3203 887 3251 pro
897 3200 974 3254 parte,
990 3193 1099 3245 furentes

1092 3298 1136 3345 Par
