2700 3900
341 507 386 551 nn
419 500 664 549 mentonem
696 498 920 548 arantum
1019 517 1048 564 tr

223 688 230 701 ,
260 647 314 710 quis
326 642 439 706 asperiore
448 642 506 689 lima
519 654 613 688 carmen
623 639 752 698 examinet,
768 646 790 688 ta
801 655 815 687 a
825 640 923 688 oonsuso
935 639 1008 704 scrip-

262 757 325 801 tum,
341 748 363 790 dc
374 740 463 788 dolenti
475 741 574 800 datum;
591 753 647 786 eum
661 753 721 800 pene
734 741 876 801 supervacua
887 743 932 789 stnt
942 742 1010 788 tarda
1072 752 1074 755 ·

261 840 352 891 solatia.
380 837 449 887 Pollii
461 837 508 885 mei
519 837 584 883 Villa
595 837 732 883 Surrentina
743 851 797 899 quae
806 836 918 898 sequitur,
929 837 1012 885 debuit

262 954 327 989 ame
341 939 378 986 vel
396 938 421 984 in
436 937 550 983 honorem
566 936 708 997 eloquentie
724 934 775 995 ejus
792 935 929 996 diligentius
944 936 1007 984 diei:
1024 952 1052 1004 ¹5

261 1040 299 1087 sed
312 1036 404 1083 amicus
416 1034 515 1097 ignovit.
546 1035 574 1080 ln
585 1033 693 1079 arborem
705 1044 767 1080 certe
786 1044 862 1092 tuam,
878 1036 973 1094 Melior,
988 1039 1011 1083 sa

261 1141 400 1193 Panawm,
416 1134 488 1183 seisa
507 1146 546 1180 me
561 1134 624 1180 leves
639 1131 733 1181 libellos
752 1135 816 1195 quasi
834 1132 1012 1195 epigrammatis

262 1238 318 1285 loeo
339 1233 446 1294 scriptos.
488 1229 593 1278 Eandem
612 1228 721 1290 exigebat
739 1230 786 1277 stili
804 1230 943 1278 saesrlitatem
965 1235 1012 1281 Leo

243 1296 248 1309 ’
263 1327 409 1382 mansuetus,
424 1337 496 1387 quem
507 1323 533 1370 in
544 1322 728 1384 Amphitheatro
738 1323 890 1384 prostratum,
899 1325 1013 1386 frigidum

264 1435 315 1473 erat
336 1420 487 1470 sacratissimo
505 1419 644 1481 Imperatori
663 1419 688 1466 ni
707 1419 787 1466 statim
809 1420 933 1468 traderem.
972 1421 1053 1471 Adeo

264 1521 353 1568 Ursum
364 1530 459 1581 quoque
469 1516 584 1575 nostrum,
598 1516 709 1578 juvenem
718 1515 917 1576 candidislimem,
933 1521 955 1564 ει
964 1519 1014 1566 fine

262 1619 356 1681 jadera
367 1615 459 1664 desidiae
477 1612 645 1674 doctissimum,
662 1613 773 1675 scriptam
792 1613 821 1662 de
839 1627 913 1675 puero
930 1614 1012 1664 amisso

264 1713 465 1772 consolationem,
488 1713 558 1774 supet
575 1725 611 1769 ea,
635 1726 689 1774 quae
706 1711 748 1774 ipfi
769 1713 852 1772 debeo,
878 1713 934 1762 huic
950 1714 1012 1764 libro

266 1813 368 1860 libenter
379 1808 473 1867 inserui,
484 1807 662 1871 quiahonorem
669 1808 721 1871 ejus
731 1808 873 1859 tibilaturut
881 1825 1014 1874 acceptum.
1076 1837 1078 1841 ·

266 1903 380 1956 Excludit
401 1905 515 1953 volumen
537 1901 710 1950 Genethliacon
731 1892 829 1963 Lneani,
856 1905 920 1966 quod
945 1906 1012 1956 Polla
1023 1920 1055 1973 as

268 2006 410 2071 Argentaria
420 2006 535 2056 earislima
545 2020 657 2065 uxorum,
673 2021 730 2055 eum
737 2005 802 2055 hune
809 2006 873 2055 diem
883 2008 947 2057 sorte
956 2023 1014 2058 eon·

267 2108 418 2164 sectaremur,
430 2104 544 2167 imputari
554 2104 597 2151 fibi
607 2103 693 2152 voluit.
709 2106 760 2165 Ego
767 2118 815 2153 non
825 2104 894 2166 potui
901 2105 1016 2166 majorem

267 2202 331 2251 tanti
341 2201 431 2250 autoris
440 2201 526 2251 habere
536 2200 700 2259 reverentiam,
716 2217 789 2264 quam
798 2202 864 2263 quod
874 2203 955 2251 landet
965 2203 1017 2266 eiua

267 2300 376 2349 dicturus
394 2299 543 2348 hexametros
557 2313 625 2347 meos
643 2299 723 2347 timui.
759 2303 820 2349 Haeo
840 2299 1017 2363 quallaennqtre

268 2396 331 2455 sunt,
354 2394 444 2446 Melior
458 2393 582 2454 carissime,
604 2394 683 2442 sitibi
702 2409 751 2442 non
767 2394 938 2457 displicuerint,
960 2407 1058 2463 atego

269 2493 541 2565 publicumaeeipiaat3
556 2495 693 2560 staminea,
709 2496 740 2544 ad
750 2503 954 2547 mererertanter.
