2700 3900
292 553 332 604 92,
457 537 486 586 n
524 535 743 584 PAP1N11
783 532 974 583 suarm

318 695 349 735 xo
364 679 451 728 Forsan
461 684 484 727 ει
495 677 544 742 ipse
555 693 632 727 conrae
644 690 772 740 nunquam
785 678 890 726 labentis
902 678 1010 726 honorem

363 775 480 835 Proseret,
498 785 571 838 atque
583 774 631 822 alio
643 775 749 822 clausurn
761 774 806 822 tibi
818 785 893 838 ponet
904 775 930 822 in
940 788 1003 823 auro.

364 876 487 937 Pergamo,
502 873 605 936 pinisera
617 874 722 922 multum
732 873 827 920 felicior
837 873 896 921 ida!

366 973 412 1023 lna
422 972 479 1020 iicet
490 973 560 1020 sacrae
571 973 663 1034 placeat
674 971 717 1018 fibi
729 973 799 1020 laude
810 972 918 1034 rapinae3

368 1072 473 1135 (Nempe
484 1070 550 1118 dedit
560 1071 655 1133 Superis
667 1070 745 1125 iilum,
762 1085 836 1132 quem
848 1071 946 1118 turbida
955 1069 1036 1132 semper

323 1184 352 1234 ις
368 1172 434 1238 Juno
445 1170 520 1231 videt,
536 1170 672 1233 refugitque
683 1183 792 1229 manum,
809 1171 938 1232 nedarque
949 1165 1040 1227 recusat)

289 1275 293 1287 '
369 1270 405 1316 At
416 1278 443 1315 tu
453 1278 519 1329 grata
531 1267 596 1325 Deis,
613 1266 762 1328 pulchroque
773 1266 870 1328 infignis
882 1268 990 1325 alumno,

369 1365 456 1413 Misisti
467 1364 537 1412 Latio
548 1364 641 1426 placida
652 1377 724 1425 quem
736 1364 815 1411 sronte
825 1363 964 1413 ministrum

372 1462 485 1528 Juppiter
495 1458 615 1506 Ausonius
626 1458 724 1528 pariter²
739 1460 900 1522 Romanaque
909 1462 976 1526 Juno

371 1559 507 1623 Aspiciunt‚
524 1562 546 1604 se
558 1567 658 1620 uterque
668 1558 779 1620 probant.
811 1560 864 1607 Nec
874 1567 942 1606 tanta
953 1555 1040 1622 potenti

323 1674 357 1721 po
369 1659 501 1707 Terrarum
512 1655 618 1703 Domino
629 1657 714 1705 divum
725 1659 773 1705 srne
784 1667 864 1707 mente
874 1660 994 1721 voluptas,

372 1759 468 1808 Dicitur
477 1757 566 1806 Idalios
576 1757 658 1820 Erycis
669 1758 699 1804 de
709 1757 798 1805 vertice
808 1759 875 1807 lueoa

372 1861 439 1910 Dum
451 1860 521 1924 petit,
539 1865 561 1908 de
573 1861 658 1908 molles
670 1858 745 1922 agitat
756 1861 839 1908 Venus
849 1876 921 1909 aurea
931 1876 1024 1923 cycnos,

373 1964 514 2025 Pergameas
527 1961 620 2009 intrasse
632 1961 727 2019 domos,
743 1960 785 2006 ubi
798 1961 920 2009 maximus
932 1962 999 2024 aegrin

375 2059 515 2108 Auxiliator
528 2058 600 2116 adest,
617 2062 638 2104 ὣ
649 2057 786 2106 festinantia
797 2059 878 2107 sistens

328 2159 444 2223 emta,
454 2154 574 2210 salutifero
586 2154 652 2211 mitis¹
663 2156 728 2203 Deus
739 2154 839 2217 Incubat
849 2155 931 2220 angui.

374 2253 423 2303 Hie
434 2268 535 2317 puerum
547 2253 645 2315 egregiae
656 2255 798 2316 praeclarum
811 2257 882 2303 sidere
894 2256 979 2304 sormae

375 2355 451 2415 Ipsius
462 2363 517 2401 ante
527 2352 571 2401 Dei
583 2352 706 2400 ludentem
717 2352 833 2413 conspicit
844 2367 920 2401 aram.

377 2456 415 2510 dc
425 2453 531 2515 primurn
543 2451 620 2499 subita
632 2452 733 2513 paulum
744 2452 842 2512 decepta
854 2452 932 2513 figura

377 2550 498 2597 Natorum
509 2549 539 2595 de
549 2549 618 2609 plebe
627 2558 698 2611 putat
709 2566 716 2595 ι
734 2548 771 2595 sed
782 2562 832 2595 non
842 2559 893 2596 erat
904 2548 940 2597 iili

332 2663 363 2713 30
381 2650 467 2703 Areus,
483 2652 505 2694 δι
514 2660 544 2698 ex
554 2645 660 2694 humeris
671 2648 744 2695 nuslae
755 2648 903 2713 sulgentibus
915 2649 1016 2698 umbre·

376 2746 481 2794 Miratur
492 2745 583 2808 puerile
593 2747 682 2804 decus,
697 2748 842 2809 vultumque
852 2747 980 2809 comasque

375 2842 510 2906 Aspiciens,
526 2846 597 2891 Tune
608 2844 735 2903 Ausonias,
752 2844 795 2902 ait,
813 2844 860 2892 ibis
871 2845 901 2891 ad
912 2858 987 2904 arces,

377 2945 505 3004 Negleous
516 2942 626 2991 Veneri?
658 2952 684 2988 tu
698 2942 790 2989 sordida
801 2942 871 3000 tecta,
885 2942 1024 3005 jugumque

378 3039 473 3087 servitii
484 3041 580 3101 vulgare
590 3040 667 3087 seres?
686 3040 769 3102 procul
781 3040 856 3086 absit:
874 3052 919 3100 ego
931 3039 969 3086 isti

334 3156 363 3206 35
380 3140 457 3204 Qem
467 3138 563 3193 meruit,
572 3139 656 3187 sormae
668 3138 795 3186 dominum
807 3137 878 3186 dabo.
894 3138 955 3186 vade
965 3154 1010 3202 age
1021 3154 1095 3189 meour

374 3240 443 3301 Vade
451 3253 516 3306 puer
523 3256 535 3306 ς
552 3238 644 3291 ducam
653 3238 750 3298 uoiucri
758 3251 802 3301 per
813 3237 972 3292 siderabeurru

1079 3325 1095 3367 1
