2700 3900
279 536 599 592 'lunantuos
638 538 732 591 llll.
770 537 803 592 11.

239 696 319 736 taetro
329 686 442 736 turbatus
452 683 513 733 abit.
530 699 574 733 nec
585 685 680 733 summa
691 684 813 736 Tonantis

239 802 257 848 a,
273 800 319 835 nec
329 784 443 834 Arcadiae
451 784 557 833 retinent
568 783 698 846 spiramina
706 782 790 847 rimie.

239 896 284 930 une
294 882 358 930 sorte
368 878 420 928 diet
430 889 490 927 nuto
500 882 591 942 signata
601 877 724 928 Tonantia

239 982 303 1041 uine,
319 980 435 1044 praerupti
447 994 504 1028 eum
515 991 549 1040 te,
564 991 632 1027 tener
642 978 710 1038 avie,
726 990 811 1041 partus

239 1079 343 1129 asmisere
352 1078 426 1142 patri.
456 1077 538 1140 Tyriis
550 1091 578 1125 ea
589 1079 668 1126 caussa
678 1077 771 1126 colonia

239 1191 319 1227 mnern
329 1176 388 1225 ludo
399 1175 510 1224 certatim
521 1175 622 1223 educere
632 1176 730 1223 noctem

239 1274 298 1321 erat.
316 1270 384 1321 effufi
397 1273 481 1335 passim
492 1284 536 1334 per
546 1271 618 1328 tedia,
634 1284 677 1333 per
688 1283 767 1332 agros,

240 1385 250 1418 a
262 1370 336 1431 inter,
350 1369 485 1451 vmuosque
495 1383 563 1418 meru
577 1379 680 1418 craterae
690 1369 806 1418 anhelum

240 1469 322 1519 labant
331 1469 376 1516 sub
386 1469 441 1516 luce
449 1469 532 1517 deum.
548 1477 602 1516 tum
612 1468 719 1531 plurima
730 1470 819 1528 buxus,

240 1583 297 1632 uque
306 1567 415 1617 taurinos
425 1567 504 1616 sonitu
516 1566 639 1616 vincentia
648 1568 747 1630 pulsus..

245 1667 320 1739 etiam
331 1666 437 1730 gaudem
448 1666 570 1714 nemorosa
581 1680 624 1729 per
634 1666 688 1714 avia
700 1667 768 1716 sanae
825 1714 828 1720 .

240 1767 319 1816 ulerat
327 1775 417 1814 mattea
429 1765 524 1815 Baccho
534 1736 634 1813 meliore
643 1764 776 1815 cithaeron.

240 1865 272 1914 lia
281 1879 326 1929 per
335 1863 470 1927 Rhodopen
480 1863 564 1926 rapido
576 1862 688 1911 convivia
698 1873 765 1910 coetu

240 1978 302 2024 anea,
319 1973 361 2011 aut
372 1963 458 2011 mediae
468 1971 563 2026 ponunt
573 1958 724 2009 convallibus
737 1959 810 2011 ΟΩ.

246 2062 416 2111 semianimum
427 2076 510 2126 pecua
525 2061 675 2122 excussaeque
686 2060 786 2108 leonum

243 2162 325 2224 dapes,
341 2165 363 2209 sc
373 2161 435 2210 lade
445 2174 507 2208 nove
517 2158 633 2207 domuisse
643 2171 754 2207 eruorem

241 2270 279 2315 ua,
295 2264 321 2303 at
331 2254 418 2317 Ogygii
429 2256 446 2301 li
457 2254 555 2316 quando
566 2252 657 2301 afflavit
668 2251 749 2301 lacclri

240 2352 346 2410 uuordo,
363 2360 422 2399 tunc
432 2350 487 2397 laxa
497 2362 581 2408 manu,
597 2358 656 2397 tunc
667 2349 756 2410 poeula
766 2346 897 2409 pulchrum

240 2466 305 2515 gere,
322 2456 345 2500 ae
356 2448 480 2499 immerito
489 2449 608 2498 sociorum
619 2447 734 2510 sanguine
745 2446 798 2495 suso

240 2563 319 2598 aurare
329 2549 402 2608 diem,
418 2548 533 2610 seslasqm
544 2558 657 2608 reponere
668 2545 769 2595 manser.

251 2658 289 2704 ea,
301 2657 359 2692 cum
368 2643 445 2693 tacita
453 2644 551 2690 volucer
560 2641 685 2703 cyllenius
696 2654 755 2689 aura

241 2742 261 2791 ia
271 2741 382 2791 Echionii
395 2740 475 2790 litatis
486 2739 606 2802 adlapsus,
623 2738 666 2787 ubi
678 2740 766 2801 ingena

241 2850 289 2889 erat
300 2839 400 2901 Assyriis
410 2838 521 2887 extrudla
532 2837 653 2899 tapetibua
664 2838 716 2884 alto

241 2940 299 2990 abta
309 2949 371 2989 toro.
388 2952 433 3001 pro
443 2950 517 3000 gnara
528 2935 590 2983 nihil
600 2935 713 2983 mortalia
723 2931 769 2982 sati

241 3038 269 3086 la
277 3037 314 3086 sui
325 3038 331 3087 l
349 3037 416 3101 capit
427 3036 468 3084 ille
478 3035 560 3098 dapes,
575 3033 649 3082 habet
659 3034 700 3081 ille
710 3033 827 3095 soporem.

241 3148 259 3182 ie
273 3132 349 3181 sertior
360 3144 415 3196 quae
423 3131 501 3193 jussus
511 3130 572 3193 agit,
588 3143 635 3177 neu
646 3128 705 3177 salsa
715 3128 792 3175 uideri

241 3231 273 3281 lie
285 3230 366 3294 imago
376 3241 458 3295 queat,
473 3228 580 3303 lpngaevi
590 3227 655 3281 vatia
665 3241 761 3294 optma

916 538 970 608 m

930 3320 1013 3371 'Yau-
