2700 3900
294 560 342 620 asa
461 537 973 624 mvrnrrurrsnarrr

365 705 637 770 Taygetiquephulenx,
653 713 675 756 de
686 707 790 756 oliviferi
800 711 896 760 tuone

368 809 538 857 numnam.
553 808 612 856 deris
623 807 670 871 ipse
679 809 745 856 viros
755 810 781 857 in
792 811 889 872 pulvere
899 812 972 860 crudo
1055 818 1057 823 '

369 909 445 954 Arcas
455 906 508 965 alit,
522 909 641 968 nudeque
651 907 737 955 modos
746 907 854 966 vinctis,
869 913 893 956 δι
903 910 949 956 iras

310 1017 358 1067 ²³0
373 1003 507 1063 lngenerat.
523 1002 591 1065 rigor
600 1003 655 1051 inde
665 1003 762 1064 animia,
778 1008 801 1052 dt
811 1005 898 1053 mortis
910 1005 1003 1054 bonore

372 1102 449 1149 Dulce
459 1102 560 1150 sacrum.
576 1102 679 1162 gaudent
689 1111 801 1149 natorum
812 1102 863 1150 sata
873 1115 981 1165 parentes
991 1121 998 1149 ι

374 1197 556 1258 Hortanturuue
565 1196 636 1244 mori.
651 1192 831 1257 defletjemque
841 1196 923 1245 omnis
932 1198 1042 1261 ephebum

374 1294 466 1352 Turba,
482 1304 597 1342 coronato
607 1304 721 1342 contenta
731 1294 765 1342 est
778 1295 862 1341 sunere
873 1306 958 1345 mater.

374 1393 449 1439 Frena
461 1376 551 1449 terrent,
567 1391 704 1454 duplexque
714 1391 799 1438 inserto
809 1393 896 1439 missile
907 1393 979 1452 nodo,

313 1505 342 1553 23
349 1502 360 1554 ς
376 1486 456 1537 Exerti
469 1489 575 1550 ingentes
585 1487 711 1537 humerosi
729 1488 835 1550 chlamys
846 1489 943 1537 horrida
953 1489 1042 1552 pendet.

375 1584 408 1632 Bt
416 1596 480 1631 corio
490 1582 588 1629 Ledaeus
599 1595 668 1643 apex.
684 1596 733 1628 non
745 1582 768 1629 hi
780 1581 825 1629 tibi
836 1582 926 1641 solum,

377 1679 530 1742 Amphiarai,
546 1689 646 1727 merent.
662 1690 733 1742 auget
743 1679 851 1740 resupina
862 1680 984 1742 maniplos

377 1775 435 1824 Elis.
451 1775 560 1837 depressae
570 1777 674 1836 populus
685 1775 747 1822 subit
758 1776 836 1823 incola
845 1775 913 1834 Pisae,

378 1873 424 1938 Qi
437 1883 467 1931 te,
485 1848 553 1930 slave,
569 1882 652 1919 natant
663 1873 739 1930 terris,
755 1872 855 1933 Alphee,
870 1872 963 1924 Sicanis
1039 1903 1044 1909 -

316 1985 363 2035 240
379 1972 479 2019 Advena
489 1984 538 2019 tam
550 1973 622 2033 longo
632 1984 680 2019 non
693 1985 798 2033 unquam
813 1971 902 2021 insedie
912 1973 1034 2035 profundo.

381 2070 496 2118 Curribus
509 2071 639 2118 innumeris
650 2074 697 2118 lare
708 2071 786 2134 putria
796 2087 851 2119 arva
861 2075 992 2122 lacessuntz

382 2169 412 2214 Et
423 2168 490 2213 bellis
501 2178 607 2213 armenta
619 2167 726 2215 domant,
742 2183 769 2214 ea
780 2169 855 2229 gloria
865 2172 932 2231 genti

378 2263 479 2309 lnsando
491 2264 519 2309 de
531 2277 603 2317 more,
621 2268 642 2309 dc
655 2265 735 2310 fradlis
745 2266 814 2310 durat
826 2267 855 2312 ab
868 2268 943 2328 usque

379 2364 474 2411 Axibus
486 2363 611 2410 Oenomai.
628 2363 725 2410 sirident
735 2365 868 2425 spumantia
878 2366 959 2412 morsu

318 2476 364 2525 245
382 2463 495 2522 Vincula,
514 2467 534 2508 dr
544 2464 636 2509 effossas
648 2463 731 2508 niveus
743 2463 802 2522 rigat
814 2464 891 2509 imber
902 2477 993 2510 arenas.

379 2560 419 2605 Tu
433 2572 528 2618 quoque
540 2558 670 2605 Parrhafias
682 2559 761 2619 ignara
773 2570 850 2605 matre
860 2571 968 2606 cateruas

379 2654 419 2702 Ab
431 2653 494 2699 rudis
507 2665 623 2698 annorum
635 2655 741 2714 (tantum
753 2668 814 2699 nova
826 2653 902 2714 gloria
913 2654 1006 2715 suadet)

382 2750 557 2810 Parthenopaeo,
575 2749 645 2809 rapis.
663 2759 715 2796 tum
727 2750 798 2796 saltus
809 2750 871 2796 sorte
881 2762 989 2798 remotos

383 2856 462 2899 Torva
469 2863 556 2912 parcns
569 2852 656 2911 (neque
667 2850 731 2896 enim
744 2851 792 2897 haec
801 2851 885 2910 juveni
897 2853 959 2900 soret
970 2854 1005 2901 ire
1014 2849 1101 2916 potesta*

321 2963 368 3011 ²50
384 2947 488 2993 Parabat
498 2959 580 3001 cornu,
596 2944 715 3004 gelidique
726 2946 803 2991 aversa
813 2945 883 3005 Lycei

383 3041 506 3088 Pulchrior
518 3040 580 3085 haud
592 3040 635 3086 ulli
647 3039 712 3086 trilie
723 3042 751 3086 ad
763 3040 888 3087 discrimen
901 3041 967 3090 ituro

383 3142 482 3198 Vultus,
499 3146 520 3186 dc
532 3141 629 3201 egregins
641 3151 708 3187 tanta
719 3140 867 3201 indulgentia
878 3142 974 3192 sormae.

384 3238 435 3283 Nec
445 3237 528 3283 desunt
538 3233 622 3296 animi,
638 3237 719 3285 veniat
729 3238 801 3286 modo
811 3237 898 3284 fortior
909 3248 977 3288 aetaS.

1089 3339 1102 3389 0
