2700 3900
357 517 654 568 sttvnRuM
694 518 785 570 ΗΒ.
816 522 847 570 V.
968 514 1035 586 149¹

250 658 298 710 Hic
308 674 372 709 emor
381 661 430 722 est3
447 660 563 720 duretque
573 659 668 721 precor!
688 674 731 707 nos
741 656 827 709 sortio'r
837 652 895 710 etas

250 762 304 826 Jem
312 761 394 824 sugit3
412 759 467 806 hinc
480 758 542 806 votis
552 766 647 806 tantum
658 759 813 820 precibusque
821 761 920 822 juvabo.

254 861 299 908 llei
309 859 379 919 mibi,
397 859 435 906 sed
446 866 523 904 coetus
535 857 615 904 solitos
626 859 642 904 s1
654 857 717 904 sorte
728 858 805 917 ciebo,

248 959 281 1005 Et
291 969 344 1004 mee
355 952 468 1002 Romulei
479 953 574 1005 venient
585 953 614 1000 ad
627 953 734 1002 carmina
745 965 833 1016 patres,

254 1055 293 1100 Tu
305 1052 389 1110 deerit,
405 1050 521 1112 crispine,
536 1050 614 1112 mihi3
632 1053 764 1114 cuneosque
775 1067 817 1114 per
827 1068 910 1103 omnes

250 1152 287 1199 Te
297 1165 367 1198 meus
378 1150 497 1203 absentem
508 1149 714 1213 circumspectabit
725 1151 839 1202 Achilles.

250 1249 295 1296 Sed
306 1248 388 1299 veniee
398 1247 498 1308 melion
516 1249 610 1310 (vatum
621 1262 669 1295 non
683 1245 749 1295 irrita
760 1259 859 1296 currunt

252 1343 355 1406 Omnia)
366 1345 456 1408 quique
467 1344 558 1406 aquilas
570 1344 613 1391 tibi
626 1358 699 1404 nunc,
710 1349 731 1391 sc
742 1344 816 1393 casira
827 1347 935 1409 recludit,

250 1447 318 1494 Idem
328 1457 413 1495 omnes
423 1443 524 1506 perscrre
535 1443 629 1504 gradus,
645 1441 756 1506 cingique
766 1444 875 1507 superbis

252 1543 378 1607 Fescibut,
393 1545 416 1589 sc
426 1540 514 1604 patriar
525 1539 592 1587 dabit
603 1540 706 1588 insedisse
717 1544 818 1603 curules.

252 1639 298 1686 Sed
309 1635 366 1698 quie
377 1635 408 1684 ab
419 1636 513 1683 excelsis
524 1634 635 1696 Trojanae
647 1636 748 1684 collibus
759 1639 836 1698 Albe,

250 1733 335 1797 (Unde
345 1731 392 1778 suae
401 1729 472 1791 juxta
482 1729 613 1792 prospetlat
624 1730 715 1778 moenie
725 1733 813 1781 Romae

257 1827 389 1876 Proximus
399 1825 440 1875 ille
449 1824 525 1886 Deus)
535 1827 608 1873 Fama
618 1826 722 1874 velocior
733 1828 805 1877 intrat

253 1921 372 1981 Nuntius,
389 1929 461 1983 atque
471 1929 525 1969 tuor
536 1919 629 1983 implet,
644 1919 759 1983 Crispinc,
774 1928 888 1984 penates?

253 2020 373 2069 Dicebam
385 2028 456 2078 certe,
471 2019 563 2067 Vatum
574 2032 624 2088 uqi
635 2018 701 2065 irrita
712 2028 811 2067 currunt

253 2116 376 2179 Auguria.
392 2116 435 2165 en!
455 2114 537 2178 ingene
549 2115 632 2165 reserat
643 2114 688 2162 tibi
699 2114 773 2165 limen
783 2116 900 2168 honorum

255 2215 345 2274 cesar,
361 2220 383 2262 ει
392 2213 491 2262 Ausonii
503 2214 636 2263 committit
647 2215 730 2263 munia
741 2216 804 2267 serti.

257 2312 336 2371 Varie,
351 2325 419 2374 puer,
436 2311 553 2375 tantisque
564 2312 648 2360 enixus
659 2314 740 2361 suffice
750 2316 828 2365 donis.

256 2412 334 2473 Felix,
350 2411 392 2474 qui
404 2424 492 2473 magno
501 2410 552 2472 jam
563 2425 627 2459 nunc
638 2413 681 2459 sub
691 2413 870 2476 praesidejurae,

257 2508 354 2571 eosque
365 2507 428 2555 sacer
436 2505 543 2569 primum
554 2506 626 2555 tradit
635 2506 795 2556 Germanicus
806 2510 897 2558 ensem!

258 2606 318 2654 Non
328 2604 411 2653 minue
421 2604 466 2651 hoc
477 2603 554 2663 sortis,
571 2618 643 2666 quam
655 2606 671 2652 fi
683 2604 727 2653 tibi
738 2607 850 2667 panderet
860 2606 908 2671 ipse
930 2598 932 2602 ’

259 2698 407 2779 Bellipotens
418 2698 518 2761 aquilas,
534 2707 648 2760 torvaque
658 2697 779 2749 induceret
790 2716 831 2749 ora

244 2816 246 2836 ·
262 2792 364 2844 casside.
380 2792 439 2842 vade
449 2794 532 2854 alacer,
549 2792 687 2858 majoraque
697 2794 758 2843 disce
768 2796 860 2858 mereri.

771 3274 830 3350 ffl-
863 3271 1061 3336 Umber
