<?xml version="1.0" encoding="UTF-8"?>
<!DOCTYPE html PUBLIC "-//W3C//DTD XHTML 1.0 Transitional//EN"
    "http://www.w3.org/TR/xhtml1/DTD/xhtml1-transitional.dtd">
<html xmlns="http://www.w3.org/1999/xhtml" xml:lang="en" lang="en">
 <head>
  <title>
</title>
<meta http-equiv="Content-Type" content="text/html;charset=utf-8" />
  <meta name='ocr-system' content='tesseract 3.04.00' />
  <meta name='ocr-capabilities' content='ocr_page ocr_carea ocr_par ocr_line ocrx_word'/>
</head>
<body>
  <div class='ocr_page' id='page_1' title='image "./publiipapiniist00statgoog_0014.png"; bbox 0 0 2700 3900; ppageno 0'>
   <div class='ocr_carea' id='block_1_1' title="bbox 325 464 918 536">
    <p class='ocr_par' dir='ltr' id='par_1_1' title="bbox 325 464 918 536">
     <span class='ocr_line' id='line_1_1' title="bbox 325 464 918 536; baseline -0.01 0"><span class='ocrx_word' id='word_1_1' title='bbox 325 489 339 536; x_wconf 83' lang='lat' dir='ltr'>t</span> <span class='ocrx_word' id='word_1_2' title='bbox 509 464 918 531; x_wconf 40' lang='lat' dir='ltr'>P.t³At&gt;1tt11vtTA.*</span> 
     </span>
    </p>
   </div>
   <div class='ocr_carea' id='block_1_2' title="bbox 305 624 1094 1768">
    <p class='ocr_par' dir='ltr' id='par_1_2' title="bbox 305 624 1094 1768">
     <span class='ocr_line' id='line_1_2' title="bbox 323 624 1094 686; baseline 0 -9"><span class='ocrx_word' id='word_1_3' title='bbox 323 625 426 677; x_wconf 79' lang='lat' dir='ltr'>deflevit.</span> <span class='ocrx_word' id='word_1_4' title='bbox 459 624 563 686; x_wconf 80' lang='lat' dir='ltr'>Vergent</span> <span class='ocrx_word' id='word_1_5' title='bbox 574 636 629 672; x_wconf 83' lang='lat' dir='ltr'>vero</span> <span class='ocrx_word' id='word_1_6' title='bbox 642 624 773 672; x_wconf 85' lang='lat' dir='ltr'>adsensum</span> <span class='ocrx_word' id='word_1_7' title='bbox 784 624 920 686; x_wconf 81' lang='lat' dir='ltr'>Neapolim,</span> <span class='ocrx_word' id='word_1_8' title='bbox 936 639 1094 676; x_wconf 89' lang='lat' dir='ltr'>communem</span> 
     </span>
     <span class='ocr_line' id='line_1_3' title="bbox 323 722 1094 788; baseline 0.003 -16"><span class='ocrx_word' id='word_1_9' title='bbox 323 725 440 772; x_wconf 73' lang='lat' dir='ltr'>ambobus</span> <span class='ocrx_word' id='word_1_10' title='bbox 449 722 559 784; x_wconf 87' lang='lat' dir='ltr'>patriam,</span> <span class='ocrx_word' id='word_1_11' title='bbox 567 722 693 770; x_wconf 80' lang='lat' dir='ltr'>Claudiam</span> <span class='ocrx_word' id='word_1_12' title='bbox 702 723 806 770; x_wconf 85' lang='lat' dir='ltr'>carmine</span> <span class='ocrx_word' id='word_1_13' title='bbox 813 724 942 785; x_wconf 71' lang='lat' dir='ltr'>revocavit,</span> <span class='ocrx_word' id='word_1_14' title='bbox 952 725 1094 788; x_wconf 77' lang='lat' dir='ltr'>ambigitur,</span> 
     </span>
     <span class='ocr_line' id='line_1_4' title="bbox 324 820 1094 883; baseline 0.005 -15"><span class='ocrx_word' id='word_1_15' title='bbox 324 820 379 883; x_wconf 81' lang='lat' dir='ltr'>quis</span> <span class='ocrx_word' id='word_1_16' title='bbox 399 821 511 882; x_wconf 83' lang='lat' dir='ltr'>supttsies</span> <span class='ocrx_word' id='word_1_17' title='bbox 536 820 616 868; x_wconf 86' lang='lat' dir='ltr'>suerit.</span> <span class='ocrx_word' id='word_1_18' title='bbox 655 822 751 867; x_wconf 83' lang='lat' dir='ltr'>Albano</span> <span class='ocrx_word' id='word_1_19' title='bbox 775 821 912 879; x_wconf 81' lang='lat' dir='ltr'>certamine,</span> <span class='ocrx_word' id='word_1_20' title='bbox 937 822 1094 872; x_wconf 73' lang='lat' dir='ltr'>Domitianus</span> 
     </span>
     <span class='ocr_line' id='line_1_5' title="bbox 324 923 1094 986; baseline 0.003 -15"><span class='ocrx_word' id='word_1_21' title='bbox 324 925 401 972; x_wconf 78' lang='lat' dir='ltr'>Ctesar</span> <span class='ocrx_word' id='word_1_22' title='bbox 410 925 501 983; x_wconf 86' lang='lat' dir='ltr'>eadem,</span> <span class='ocrx_word' id='word_1_23' title='bbox 517 938 565 986; x_wconf 84' lang='lat' dir='ltr'>qut</span> <span class='ocrx_word' id='word_1_24' title='bbox 577 933 677 986; x_wconf 85' lang='lat' dir='ltr'>patrem,</span> <span class='ocrx_word' id='word_1_25' title='bbox 693 923 734 985; x_wconf 83' lang='lat' dir='ltr'>qui</span> <span class='ocrx_word' id='word_1_26' title='bbox 748 923 917 986; x_wconf 74' lang='lat' dir='ltr'>praesenserat,</span> <span class='ocrx_word' id='word_1_27' title='bbox 934 925 1012 972; x_wconf 79' lang='lat' dir='ltr'>titium</span> <span class='ocrx_word' id='word_1_28' title='bbox 1024 939 1094 973; x_wconf 89' lang='lat' dir='ltr'>coro·</span> 
     </span>
     <span class='ocr_line' id='line_1_6' title="bbox 324 1020 1094 1082; baseline 0 -13"><span class='ocrx_word' id='word_1_29' title='bbox 324 1034 364 1081; x_wconf 89' lang='lat' dir='ltr'>na,</span> <span class='ocrx_word' id='word_1_30' title='bbox 381 1020 481 1069; x_wconf 84' lang='lat' dir='ltr'>aeirem</span> <span class='ocrx_word' id='word_1_31' title='bbox 498 1035 554 1081; x_wconf 80' lang='lat' dir='ltr'>agro</span> <span class='ocrx_word' id='word_1_32' title='bbox 571 1021 665 1068; x_wconf 85' lang='lat' dir='ltr'>Albano</span> <span class='ocrx_word' id='word_1_33' title='bbox 679 1021 786 1080; x_wconf 87' lang='lat' dir='ltr'>donavit,</span> <span class='ocrx_word' id='word_1_34' title='bbox 802 1021 883 1082; x_wconf 88' lang='lat' dir='ltr'>bisque</span> <span class='ocrx_word' id='word_1_35' title='bbox 893 1034 952 1067; x_wconf 92' lang='lat' dir='ltr'>auro</span> <span class='ocrx_word' id='word_1_36' title='bbox 963 1022 1094 1082; x_wconf 76' lang='lat' dir='ltr'>insignivit,</span> 
     </span>
     <span class='ocr_line' id='line_1_7' title="bbox 324 1116 1093 1183; baseline 0 -16"><span class='ocrx_word' id='word_1_37' title='bbox 324 1118 492 1183; x_wconf 88' lang='lat' dir='ltr'>splendidoque</span> <span class='ocrx_word' id='word_1_38' title='bbox 506 1132 533 1164; x_wconf 85' lang='lat' dir='ltr'>ac</span> <span class='ocrx_word' id='word_1_39' title='bbox 550 1117 687 1178; x_wconf 79' lang='lat' dir='ltr'>magnifico,</span> <span class='ocrx_word' id='word_1_40' title='bbox 703 1130 758 1164; x_wconf 89' lang='lat' dir='ltr'>cum</span> <span class='ocrx_word' id='word_1_41' title='bbox 769 1116 914 1165; x_wconf 79' lang='lat' dir='ltr'>senatoribus</span> <span class='ocrx_word' id='word_1_42' title='bbox 925 1119 1093 1180; x_wconf 83' lang='lat' dir='ltr'>equitibusque</span> 
     </span>
     <span class='ocr_line' id='line_1_8' title="bbox 325 1212 1094 1275; baseline 0.003 -15"><span class='ocrx_word' id='word_1_43' title='bbox 325 1212 443 1262; x_wconf 74' lang='lat' dir='ltr'>Romanis</span> <span class='ocrx_word' id='word_1_44' title='bbox 457 1212 567 1261; x_wconf 80' lang='lat' dir='ltr'>convitio</span> <span class='ocrx_word' id='word_1_45' title='bbox 582 1213 690 1274; x_wconf 82' lang='lat' dir='ltr'>suscepit,</span> <span class='ocrx_word' id='word_1_46' title='bbox 705 1212 730 1259; x_wconf 92' lang='lat' dir='ltr'>id</span> <span class='ocrx_word' id='word_1_47' title='bbox 741 1213 805 1273; x_wconf 90' lang='lat' dir='ltr'>quod</span> <span class='ocrx_word' id='word_1_48' title='bbox 815 1212 920 1260; x_wconf 83' lang='lat' dir='ltr'>carmine</span> <span class='ocrx_word' id='word_1_49' title='bbox 932 1214 1010 1274; x_wconf 67' lang='lat' dir='ltr'>poeta,</span> <span class='ocrx_word' id='word_1_50' title='bbox 1026 1215 1094 1275; x_wconf 91' lang='lat' dir='ltr'>quod</span> 
     </span>
     <span class='ocr_line' id='line_1_9' title="bbox 325 1310 1094 1377; baseline -0.001 -15"><span class='ocrx_word' id='word_1_51' title='bbox 325 1310 502 1363; x_wconf 79' lang='lat' dir='ltr'>Eucharisiicon</span> <span class='ocrx_word' id='word_1_52' title='bbox 518 1313 639 1375; x_wconf 78' lang='lat' dir='ltr'>inscripsit,</span> <span class='ocrx_word' id='word_1_53' title='bbox 655 1313 753 1360; x_wconf 78' lang='lat' dir='ltr'>testatus</span> <span class='ocrx_word' id='word_1_54' title='bbox 768 1313 810 1361; x_wconf 85' lang='lat' dir='ltr'>est.</span> <span class='ocrx_word' id='word_1_55' title='bbox 842 1316 896 1377; x_wconf 81' lang='lat' dir='ltr'>Qo</span> <span class='ocrx_word' id='word_1_56' title='bbox 909 1312 946 1371; x_wconf 84' lang='lat' dir='ltr'>fir,</span> <span class='ocrx_word' id='word_1_57' title='bbox 963 1324 990 1360; x_wconf 90' lang='lat' dir='ltr'>ut</span> <span class='ocrx_word' id='word_1_58' title='bbox 1004 1313 1094 1363; x_wconf 74' lang='lat' dir='ltr'>sabultc</span> 
     </span>
     <span class='ocr_line' id='line_1_10' title="bbox 305 1409 1093 1475; baseline 0.001 -18"><span class='ocrx_word' id='word_1_59' title='bbox 305 1412 414 1475; x_wconf 71' lang='lat' dir='ltr'>potius,</span> <span class='ocrx_word' id='word_1_60' title='bbox 429 1426 504 1474; x_wconf 89' lang='lat' dir='ltr'>quam</span> <span class='ocrx_word' id='word_1_61' title='bbox 521 1409 622 1458; x_wconf 79' lang='lat' dir='ltr'>historiae</span> <span class='ocrx_word' id='word_1_62' title='bbox 641 1410 716 1457; x_wconf 88' lang='lat' dir='ltr'>stmile</span> <span class='ocrx_word' id='word_1_63' title='bbox 731 1420 822 1472; x_wconf 89' lang='lat' dir='ltr'>putem,</span> <span class='ocrx_word' id='word_1_64' title='bbox 843 1411 909 1471; x_wconf 92' lang='lat' dir='ltr'>quod</span> <span class='ocrx_word' id='word_1_65' title='bbox 926 1411 956 1457; x_wconf 84' lang='lat' dir='ltr'>ab</span> <span class='ocrx_word' id='word_1_66' title='bbox 971 1410 1093 1473; x_wconf 79' lang='lat' dir='ltr'>aliquibue</span> 
     </span>
     <span class='ocr_line' id='line_1_11' title="bbox 325 1506 1092 1571; baseline -0.001 -14"><span class='ocrx_word' id='word_1_67' title='bbox 325 1509 446 1571; x_wconf 87' lang='lat' dir='ltr'>proditum</span> <span class='ocrx_word' id='word_1_68' title='bbox 461 1508 503 1565; x_wconf 85' lang='lat' dir='ltr'>est,</span> <span class='ocrx_word' id='word_1_69' title='bbox 523 1506 625 1554; x_wconf 78' lang='lat' dir='ltr'>Statium</span> <span class='ocrx_word' id='word_1_70' title='bbox 641 1517 762 1569; x_wconf 78' lang='lat' dir='ltr'>praeacuto</span> <span class='ocrx_word' id='word_1_71' title='bbox 778 1507 832 1556; x_wconf 83' lang='lat' dir='ltr'>stilo</span> <span class='ocrx_word' id='word_1_72' title='bbox 849 1506 861 1554; x_wconf 75' lang='lat' dir='ltr'>i</span> <span class='ocrx_word' id='word_1_73' title='bbox 876 1506 1016 1556; x_wconf 83' lang='lat' dir='ltr'>Domitiano</span> <span class='ocrx_word' id='word_1_74' title='bbox 1033 1523 1092 1556; x_wconf 83' lang='lat' dir='ltr'>con-</span> 
     </span>
     <span class='ocr_line' id='line_1_12' title="bbox 324 1603 1091 1667; baseline -0.004 -12"><span class='ocrx_word' id='word_1_75' title='bbox 324 1606 420 1655; x_wconf 82' lang='lat' dir='ltr'>fossum.</span> <span class='ocrx_word' id='word_1_76' title='bbox 451 1605 579 1666; x_wconf 84' lang='lat' dir='ltr'>Supersunt</span> <span class='ocrx_word' id='word_1_77' title='bbox 588 1618 644 1651; x_wconf 88' lang='lat' dir='ltr'>veto</span> <span class='ocrx_word' id='word_1_78' title='bbox 653 1606 684 1651; x_wconf 88' lang='lat' dir='ltr'>ad</span> <span class='ocrx_word' id='word_1_79' title='bbox 697 1605 747 1652; x_wconf 72' lang='lat' dir='ltr'>bac</span> <span class='ocrx_word' id='word_1_80' title='bbox 758 1605 830 1667; x_wconf 88' lang='lat' dir='ltr'>usque</span> <span class='ocrx_word' id='word_1_81' title='bbox 840 1615 947 1666; x_wconf 82' lang='lat' dir='ltr'>tempora</span> <span class='ocrx_word' id='word_1_82' title='bbox 960 1603 1011 1652; x_wconf 78' lang='lat' dir='ltr'>haec</span> <span class='ocrx_word' id='word_1_83' title='bbox 1022 1603 1091 1652; x_wconf 87' lang='lat' dir='ltr'>Statii</span> 
     </span>
     <span class='ocr_line' id='line_1_13' title="bbox 322 1703 790 1768; baseline 0 -18"><span class='ocrx_word' id='word_1_84' title='bbox 322 1716 402 1768; x_wconf 77' lang='lat' dir='ltr'>opera,</span> <span class='ocrx_word' id='word_1_85' title='bbox 418 1703 532 1762; x_wconf 84' lang='lat' dir='ltr'>Thebais,</span> <span class='ocrx_word' id='word_1_86' title='bbox 548 1712 576 1750; x_wconf 87' lang='lat' dir='ltr'>ut</span> <span class='ocrx_word' id='word_1_87' title='bbox 587 1703 684 1765; x_wconf 86' lang='lat' dir='ltr'>ipsemet</span> <span class='ocrx_word' id='word_1_88' title='bbox 693 1703 790 1764; x_wconf 86' lang='lat' dir='ltr'>cecinit,</span> 
     </span>
    </p>
   </div>
   <div class='ocr_carea' id='block_1_3' title="bbox 482 1828 891 1878">
    <p class='ocr_par' dir='ltr' id='par_1_3' title="bbox 482 1828 891 1878">
     <span class='ocr_line' id='line_1_14' title="bbox 482 1828 891 1878; baseline -0.005 -1"><span class='ocrx_word' id='word_1_89' title='bbox 482 1851 636 1867; x_wconf 86' lang='lat'>--—-</span> <span class='ocrx_word' id='word_1_90' title='bbox 652 1828 729 1877; x_wconf 83' lang='lat' dir='ltr'>Multa</span> <span class='ocrx_word' id='word_1_91' title='bbox 739 1834 831 1878; x_wconf 82' lang='lat' dir='ltr'>cruciata</span> <span class='ocrx_word' id='word_1_92' title='bbox 841 1829 891 1875; x_wconf 77' lang='lat' dir='ltr'>lima</span> 
     </span>
    </p>
   </div>
   <div class='ocr_carea' id='block_1_4' title="bbox 322 1947 1094 3091">
    <p class='ocr_par' dir='ltr' id='par_1_4' title="bbox 322 1947 1094 3091">
     <span class='ocr_line' id='line_1_15' title="bbox 327 1947 1093 2013; baseline 0.001 -16"><span class='ocrx_word' id='word_1_93' title='bbox 327 1960 399 2013; x_wconf 91' lang='lat' dir='ltr'>atque</span> <span class='ocrx_word' id='word_1_94' title='bbox 409 1947 497 1997; x_wconf 86' lang='lat' dir='ltr'>idcirco</span> <span class='ocrx_word' id='word_1_95' title='bbox 508 1949 620 1996; x_wconf 86' lang='lat' dir='ltr'>durior&amp;</span> <span class='ocrx_word' id='word_1_96' title='bbox 632 1949 796 1997; x_wconf 89' lang='lat' dir='ltr'>inconcinnior</span> <span class='ocrx_word' id='word_1_97' title='bbox 806 1949 893 1998; x_wconf 91' lang='lat' dir='ltr'>alicubi</span> <span class='ocrx_word' id='word_1_98' title='bbox 904 1947 1045 2011; x_wconf 88' lang='lat' dir='ltr'>quibusdam</span> <span class='ocrx_word' id='word_1_99' title='bbox 1057 1949 1093 1999; x_wconf 90' lang='lat' dir='ltr'>vi-</span> 
     </span>
     <span class='ocr_line' id='line_1_16' title="bbox 325 2043 1092 2109; baseline 0 -15"><span class='ocrx_word' id='word_1_100' title='bbox 325 2045 402 2105; x_wconf 88' lang='lat' dir='ltr'>detur,</span> <span class='ocrx_word' id='word_1_101' title='bbox 426 2057 500 2106; x_wconf 91' lang='lat' dir='ltr'>quam</span> <span class='ocrx_word' id='word_1_102' title='bbox 516 2043 583 2109; x_wconf 89' lang='lat' dir='ltr'>Junii</span> <span class='ocrx_word' id='word_1_103' title='bbox 601 2045 714 2106; x_wconf 81' lang='lat' dir='ltr'>Maximi,</span> <span class='ocrx_word' id='word_1_104' title='bbox 737 2045 782 2092; x_wconf 84' lang='lat' dir='ltr'>viri</span> <span class='ocrx_word' id='word_1_105' title='bbox 801 2044 982 2108; x_wconf 73' lang='lat' dir='ltr'>eloquentissimi</span> <span class='ocrx_word' id='word_1_106' title='bbox 998 2046 1092 2106; x_wconf 88' lang='lat' dir='ltr'>judicio</span> 
     </span>
     <span class='ocr_line' id='line_1_17' title="bbox 325 2141 1092 2205; baseline 0.003 -15"><span class='ocrx_word' id='word_1_107' title='bbox 325 2141 468 2204; x_wconf 88' lang='lat' dir='ltr'>monituque</span> <span class='ocrx_word' id='word_1_108' title='bbox 482 2141 621 2203; x_wconf 84' lang='lat' dir='ltr'>publicavit.</span> <span class='ocrx_word' id='word_1_109' title='bbox 652 2141 825 2189; x_wconf 79' lang='lat' dir='ltr'>AntImachum</span> <span class='ocrx_word' id='word_1_110' title='bbox 841 2153 981 2205; x_wconf 80' lang='lat' dir='ltr'>argumento</span> <span class='ocrx_word' id='word_1_111' title='bbox 995 2148 1092 2192; x_wconf 78' lang='lat' dir='ltr'>ta&#39;ntum</span> 
     </span>
     <span class='ocr_line' id='line_1_18' title="bbox 326 2235 1092 2298; baseline 0.007 -12"><span class='ocrx_word' id='word_1_112' title='bbox 326 2238 443 2296; x_wconf 87' lang='lat' dir='ltr'>imitatus,</span> <span class='ocrx_word' id='word_1_113' title='bbox 466 2250 522 2283; x_wconf 86' lang='lat' dir='ltr'>nam</span> <span class='ocrx_word' id='word_1_114' title='bbox 540 2235 615 2297; x_wconf 84' lang='lat' dir='ltr'>phrast</span> <span class='ocrx_word' id='word_1_115' title='bbox 629 2237 669 2285; x_wconf 86' lang='lat' dir='ltr'>iile</span> <span class='ocrx_word' id='word_1_116' title='bbox 683 2238 789 2286; x_wconf 86' lang='lat' dir='ltr'>tumidus</span> <span class='ocrx_word' id='word_1_117' title='bbox 802 2245 824 2286; x_wconf 76' lang='lat' dir='ltr'>tr</span> <span class='ocrx_word' id='word_1_118' title='bbox 835 2241 911 2298; x_wconf 85' lang='lat' dir='ltr'>laxus,</span> <span class='ocrx_word' id='word_1_119' title='bbox 934 2239 972 2287; x_wconf 93' lang='lat' dir='ltr'>hic</span> <span class='ocrx_word' id='word_1_120' title='bbox 983 2242 1057 2288; x_wconf 85' lang='lat' dir='ltr'>durus</span> <span class='ocrx_word' id='word_1_121' title='bbox 1070 2248 1092 2291; x_wconf 73' lang='grc' dir='ltr'>δι</span> 
     </span>
     <span class='ocr_line' id='line_1_19' title="bbox 325 2329 1092 2399; baseline 0.004 -16"><span class='ocrx_word' id='word_1_122' title='bbox 325 2335 418 2383; x_wconf 67' lang='lat' dir='ltr'>tritior.</span> <span class='ocrx_word' id='word_1_123' title='bbox 435 2329 502 2381; x_wconf 78' lang='lat' dir='ltr'>&#39;item</span> <span class='ocrx_word' id='word_1_124' title='bbox 513 2332 628 2381; x_wconf 82' lang='lat' dir='ltr'>Achilleis</span> <span class='ocrx_word' id='word_1_125' title='bbox 640 2334 785 2397; x_wconf 78' lang='lat' dir='ltr'>impersedia,</span> <span class='ocrx_word' id='word_1_126' title='bbox 802 2335 826 2383; x_wconf 94' lang='lat' dir='ltr'>in</span> <span class='ocrx_word' id='word_1_127' title='bbox 835 2350 882 2399; x_wconf 89' lang='lat' dir='ltr'>qua</span> <span class='ocrx_word' id='word_1_128' title='bbox 893 2338 962 2398; x_wconf 83' lang='lat' dir='ltr'>longe</span> <span class='ocrx_word' id='word_1_129' title='bbox 972 2339 1026 2399; x_wconf 86' lang='lat' dir='ltr'>plut</span> <span class='ocrx_word' id='word_1_130' title='bbox 1035 2339 1092 2386; x_wconf 89' lang='lat' dir='ltr'>doc-</span> 
     </span>
     <span class='ocr_line' id='line_1_20' title="bbox 326 2434 1093 2497; baseline 0.003 -14"><span class='ocrx_word' id='word_1_131' title='bbox 326 2434 357 2483; x_wconf 81' lang='lat' dir='ltr'>tis</span> <span class='ocrx_word' id='word_1_132' title='bbox 368 2435 517 2497; x_wconf 89' lang='lat' dir='ltr'>quibusdam,</span> <span class='ocrx_word' id='word_1_133' title='bbox 533 2449 606 2497; x_wconf 85' lang='lat' dir='ltr'>quam</span> <span class='ocrx_word' id='word_1_134' title='bbox 624 2434 649 2481; x_wconf 87' lang='lat' dir='ltr'>in</span> <span class='ocrx_word' id='word_1_135' title='bbox 659 2434 782 2482; x_wconf 88' lang='lat' dir='ltr'>Thebaide</span> <span class='ocrx_word' id='word_1_136' title='bbox 792 2436 900 2497; x_wconf 70' lang='lat' dir='ltr'>prestare</span> <span class='ocrx_word' id='word_1_137' title='bbox 910 2436 1011 2485; x_wconf 87' lang='lat' dir='ltr'>videtur.</span> <span class='ocrx_word' id='word_1_138' title='bbox 1035 2440 1093 2485; x_wconf 91' lang='lat' dir='ltr'>Non</span> 
     </span>
     <span class='ocr_line' id='line_1_21' title="bbox 324 2531 1092 2595; baseline 0.004 -16"><span class='ocrx_word' id='word_1_139' title='bbox 324 2532 419 2581; x_wconf 79' lang='lat' dir='ltr'>defuere</span> <span class='ocrx_word' id='word_1_140' title='bbox 428 2533 510 2592; x_wconf 85' lang='lat' dir='ltr'>etiam,</span> <span class='ocrx_word' id='word_1_141' title='bbox 531 2532 573 2595; x_wconf 91' lang='lat' dir='ltr'>qui</span> <span class='ocrx_word' id='word_1_142' title='bbox 585 2531 719 2579; x_wconf 82' lang='lat' dir='ltr'>Achilleida</span> <span class='ocrx_word' id='word_1_143' title='bbox 730 2532 804 2595; x_wconf 85' lang='lat' dir='ltr'>ipsam</span> <span class='ocrx_word' id='word_1_144' title='bbox 815 2534 942 2595; x_wconf 76' lang='lat' dir='ltr'>persediam</span> <span class='ocrx_word' id='word_1_145' title='bbox 953 2533 1020 2581; x_wconf 87' lang='lat' dir='ltr'>suisse</span> <span class='ocrx_word' id='word_1_146' title='bbox 1031 2536 1092 2582; x_wconf 87' lang='lat' dir='ltr'>exis-</span> 
     </span>
     <span class='ocr_line' id='line_1_22' title="bbox 324 2632 1091 2696; baseline 0.003 -16"><span class='ocrx_word' id='word_1_147' title='bbox 324 2633 442 2692; x_wconf 80' lang='lat' dir='ltr'>timarint,</span> <span class='ocrx_word' id='word_1_148' title='bbox 457 2632 494 2680; x_wconf 90' lang='lat' dir='ltr'>sed</span> <span class='ocrx_word' id='word_1_149' title='bbox 506 2632 633 2694; x_wconf 88' lang='lat' dir='ltr'>reliquum,</span> <span class='ocrx_word' id='word_1_150' title='bbox 645 2634 711 2695; x_wconf 93' lang='lat' dir='ltr'>quod</span> <span class='ocrx_word' id='word_1_151' title='bbox 722 2633 793 2692; x_wconf 81' lang='lat' dir='ltr'>deest,</span> <span class='ocrx_word' id='word_1_152' title='bbox 805 2633 963 2696; x_wconf 90' lang='lat' dir='ltr'>deperditum,</span> <span class='ocrx_word' id='word_1_153' title='bbox 978 2645 1005 2681; x_wconf 92' lang='lat' dir='ltr'>ut</span> <span class='ocrx_word' id='word_1_154' title='bbox 1017 2635 1091 2682; x_wconf 87' lang='lat' dir='ltr'>etiam</span> 
     </span>
     <span class='ocr_line' id='line_1_23' title="bbox 322 2726 1091 2793; baseline 0.005 -18"><span class='ocrx_word' id='word_1_155' title='bbox 322 2726 414 2776; x_wconf 81' lang='lat' dir='ltr'>diutius</span> <span class='ocrx_word' id='word_1_156' title='bbox 424 2728 499 2791; x_wconf 84' lang='lat' dir='ltr'>Syivae</span> <span class='ocrx_word' id='word_1_157' title='bbox 510 2726 618 2789; x_wconf 82' lang='lat' dir='ltr'>suerunt3</span> <span class='ocrx_word' id='word_1_158' title='bbox 632 2728 682 2787; x_wconf 87' lang='lat' dir='ltr'>alii,</span> <span class='ocrx_word' id='word_1_159' title='bbox 698 2731 763 2791; x_wconf 88' lang='lat' dir='ltr'>quod</span> <span class='ocrx_word' id='word_1_160' title='bbox 773 2731 895 2791; x_wconf 85' lang='lat' dir='ltr'>habemus,</span> <span class='ocrx_word' id='word_1_161' title='bbox 908 2730 1026 2793; x_wconf 77' lang='lat' dir='ltr'>integrum</span> <span class='ocrx_word' id='word_1_162' title='bbox 1038 2736 1091 2789; x_wconf 86' lang='lat' dir='ltr'>esse,</span> 
     </span>
     <span class='ocr_line' id='line_1_24' title="bbox 323 2825 1091 2891; baseline 0.007 -18"><span class='ocrx_word' id='word_1_163' title='bbox 323 2825 419 2889; x_wconf 87' lang='lat' dir='ltr'>utrique</span> <span class='ocrx_word' id='word_1_164' title='bbox 429 2840 525 2889; x_wconf 78' lang='lat' dir='ltr'>magno,</span> <span class='ocrx_word' id='word_1_165' title='bbox 541 2836 569 2874; x_wconf 92' lang='lat' dir='ltr'>ut</span> <span class='ocrx_word' id='word_1_166' title='bbox 579 2836 647 2889; x_wconf 88' lang='lat' dir='ltr'>puto,</span> <span class='ocrx_word' id='word_1_167' title='bbox 664 2828 710 2875; x_wconf 79' lang='lat' dir='ltr'>atti</span> <span class='ocrx_word' id='word_1_168' title='bbox 721 2842 805 2888; x_wconf 90' lang='lat' dir='ltr'>errore,</span> <span class='ocrx_word' id='word_1_169' title='bbox 822 2834 844 2877; x_wconf 75' lang='lat' dir='ltr'>dc</span> <span class='ocrx_word' id='word_1_170' title='bbox 854 2828 985 2877; x_wconf 86' lang='lat' dir='ltr'>manifestis</span> <span class='ocrx_word' id='word_1_171' title='bbox 998 2829 1091 2891; x_wconf 89' lang='lat' dir='ltr'>pridem</span> 
     </span>
     <span class='ocr_line' id='line_1_25' title="bbox 325 2926 1094 2989; baseline 0.008 -17"><span class='ocrx_word' id='word_1_172' title='bbox 325 2926 471 2989; x_wconf 71' lang='lat' dir='ltr'>argumentis</span> <span class='ocrx_word' id='word_1_173' title='bbox 485 2927 596 2989; x_wconf 63' lang='lat' dir='ltr'>explosis</span> <span class='ocrx_word' id='word_1_174' title='bbox 612 2928 737 2976; x_wconf 89' lang='lat' dir='ltr'>Proditum</span> <span class='ocrx_word' id='word_1_175' title='bbox 754 2929 796 2989; x_wconf 81' lang='lat' dir='ltr'>esi,</span> <span class='ocrx_word' id='word_1_176' title='bbox 814 2944 870 2978; x_wconf 91' lang='lat' dir='ltr'>cum</span> <span class='ocrx_word' id='word_1_177' title='bbox 886 2927 1022 2977; x_wconf 80' lang='lat' dir='ltr'>Achilleida</span> <span class='ocrx_word' id='word_1_178' title='bbox 1038 2932 1094 2978; x_wconf 87' lang='lat' dir='ltr'>essct</span> 
     </span>
     <span class='ocr_line' id='line_1_26' title="bbox 325 3027 1094 3091; baseline 0.007 -16"><span class='ocrx_word' id='word_1_179' title='bbox 325 3027 490 3090; x_wconf 86' lang='lat' dir='ltr'>descripturus,</span> <span class='ocrx_word' id='word_1_180' title='bbox 518 3027 653 3091; x_wconf 85' lang='lat' dir='ltr'>crispinum</span> <span class='ocrx_word' id='word_1_181' title='bbox 677 3029 754 3078; x_wconf 76' lang='lat' dir='ltr'>Vettii</span> <span class='ocrx_word' id='word_1_182' title='bbox 775 3031 860 3080; x_wconf 85' lang='lat' dir='ltr'>Bolani</span> <span class='ocrx_word' id='word_1_183' title='bbox 883 3031 970 3091; x_wconf 82' lang='lat' dir='ltr'>sisium,</span> <span class='ocrx_word' id='word_1_184' title='bbox 1002 3033 1094 3080; x_wconf 88' lang='lat' dir='ltr'>clarum</span> 
     </span>
    </p>
   </div>
   <div class='ocr_carea' id='block_1_5' title="bbox 323 3123 1094 3195">
    <p class='ocr_par' dir='ltr' id='par_1_5' title="bbox 323 3123 1094 3195">
     <span class='ocr_line' id='line_1_27' title="bbox 323 3123 1094 3195; baseline 0.004 -21"><span class='ocrx_word' id='word_1_185' title='bbox 323 3123 410 3191; x_wconf 79' lang='lat' dir='ltr'>militia</span> <span class='ocrx_word' id='word_1_186' title='bbox 418 3124 540 3187; x_wconf 83' lang='lat' dir='ltr'>juvenem,</span> <span class='ocrx_word' id='word_1_187' title='bbox 555 3126 597 3176; x_wconf 87' lang='lat' dir='ltr'>srbi</span> <span class='ocrx_word' id='word_1_188' title='bbox 607 3127 758 3192; x_wconf 82' lang='lat' dir='ltr'>proposuisse.</span> <span class='ocrx_word' id='word_1_189' title='bbox 787 3133 911 3193; x_wconf 89' lang='lat' dir='ltr'>Utranque</span> <span class='ocrx_word' id='word_1_190' title='bbox 922 3144 977 3179; x_wconf 85' lang='lat' dir='ltr'>vero</span> <span class='ocrx_word' id='word_1_191' title='bbox 988 3133 1094 3195; x_wconf 88' lang='lat' dir='ltr'>Impera-</span> 
     </span>
    </p>
   </div>
   <div class='ocr_carea' id='block_1_6' title="bbox 1048 3227 1094 3278">
    <p class='ocr_par' dir='ltr' id='par_1_6' title="bbox 1048 3227 1094 3278">
     <span class='ocr_line' id='line_1_28' title="bbox 1048 3227 1094 3278; baseline -0.087 0"><span class='ocrx_word' id='word_1_192' title='bbox 1048 3227 1094 3278; x_wconf 85' lang='lat' dir='ltr'>tori</span> 
     </span>
    </p>
   </div>
   <div class='ocr_carea' id='block_1_7' title="bbox 0 0 1354 3900">
    <p class='ocr_par' dir='ltr' id='par_1_7' title="bbox 0 0 1354 3900">
     <span class='ocr_line' id='line_1_29' title="bbox 0 0 1354 3900; baseline 0 1"><span class='ocrx_word' id='word_1_193' title='bbox 0 0 1354 3900; x_wconf 95' lang='lat' dir='ltr'> </span> 
     </span>
    </p>
   </div>
  </div>
 </body>
</html>
