2700 3900
319 536 369 588 ²⁵0
448 521 510 579 ‚l’.
550 517 770 569 PAPlllii
812 515 1004 566 STATII

325 661 374 728 ⁶90
389 664 473 725 Teque
484 671 560 724 pater,
575 676 626 711 non
636 637 771 723 illejubet3
788 661 828 708 sed
838 659 941 723 pewigil
952 675 1029 724 angor,
1079 712 1081 717 ,

388 759 425 806 Ex
435 771 485 820 quo
495 756 588 820 primus
599 759 705 818 Hymen,
721 755 850 819 movitque
861 753 967 804 insausia
977 755 1087 807 suisium·

389 856 553 922 junemeno,
566 856 659 918 semper
669 855 799 917 lachrymis
810 854 956 917 gemituque
963 854 1083 920 propinquo

390 955 524 1003 Exturbata
534 955 611 1017 quies.
627 969 678 1003 non
688 956 704 1002 fi
716 953 776 1003 miii
786 952 884 1017 tigridis
896 953 988 1026 horror,
1089 984 1091 989 ·

391 1056 652 1120 AEquoreaeqoesuper
663 1054 756 1116 rigeant
765 1053 900 1117 praecordia
910 1066 1002 1114 cautes,

328 1154 374 1217 695
392 1156 461 1202 Ferre
471 1167 566 1217 queam.
582 1164 609 1201 tu
621 1155 683 1201 solus
692 1167 773 1216 opem,
788 1162 815 1200 tu
826 1153 922 1200 summa
938 1150 1043 1200 medendi

390 1252 450 1314 Jura
460 1262 534 1301 tenes.
550 1253 581 1300 da
592 1253 653 1299 bella
663 1263 739 1313 pater,
754 1250 997 1314 generiquejaceutis

391 1351 477 1413 Aspice
488 1366 524 1401 res
536 1351 647 1410 humiles,
663 1363 736 1413 atque
746 1350 816 1409 hane,
832 1360 910 1412 pater,
927 1350 1005 1414 aspice
1014 1349 1090 1412 prolem

390 1452 483 1500 Exulis.
500 1452 556 1499 huie
566 1451 625 1499 olim
638 1452 729 1514 generis
739 1451 825 1514 pudor,
840 1449 915 1497 obvia
925 1450 1005 1512 prima

391 1551 510 1612 limpida,
526 1555 548 1597 sc
556 1550 647 1612 junslae
659 1552 745 1599 tellato
755 1550 863 1599 numine
875 1551 978 1601 dextrae.

330 1659 376 1706 700
392 1647 438 1694 Hic
450 1658 513 1695 certe
523 1647 565 1706 est,
581 1662 655 1709 quem
667 1651 725 1695 Fata
736 1649 834 1706 dabant,
848 1661 926 1709 quem
935 1649 997 1698 dixit
1008 1648 1092 1713 Apollo.

391 1747 448 1792 Non
458 1753 552 1804 egomet
563 1744 650 1792 taeitos
660 1744 762 1792 Venerit
771 1744 850 1793 iurato
860 1746 961 1805 calores,

391 1847 550 1908 Culpatamve
560 1845 657 1894 facem:
675 1856 719 1893 tua
726 1845 787 1919 jussa
795 1846 908 1907 verenda,
924 1847 1025 1911 tuosque

389 1947 470 1996 Dilexl
482 1946 598 1996 monitus.
614 1961 679 1993 nunc
690 1956 738 2008 qua
748 1942 842 1994 scritate
852 1946 959 1995 dolentis

388 2049 524 2111 Despiciam
535 2046 648 2108 questus?
666 2045 740 2093 nescis
751 2055 818 2107 pater
828 2046 932 2107 optime,
951 2045 1024 2094 nescis

328 2169 358 2213 70
363 2165 373 2214 ς
392 2151 500 2212 Qantus
512 2159 581 2192 amor
592 2145 666 2192 causae
678 2145 763 2192 misero
774 2146 875 2207 nupsosse
886 2145 983 2194 marito.

389 2250 419 2293 Et
430 2258 494 2291 nunc
506 2242 589 2289 moesta
602 2241 700 2301 quidem
712 2257 781 2303 greve
791 2248 813 2290 sc
826 2242 952 2290 illaetablle
963 2256 1049 2289 munus

389 2344 423 2387 Ut
435 2339 533 2385 timeam
547 2336 698 2396 doleamque,
715 2350 781 2397 rogo.
796 2336 834 2383 sed
846 2350 904 2382 eum
916 2337 997 2384 oscula
1008 2343 1095 2398 rumpet

388 2441 476 2488 Moesta
487 2440 545 2495 dies,
563 2451 619 2484 cum
630 2450 702 2484 rauca
714 2437 805 2483 dabunt
816 2434 962 2484 abeuntibus
974 2435 1045 2483 armis

388 2539 460 2599 Signa
472 2537 544 2592 tubae,
561 2535 669 2595 saevoque
680 2548 751 2596 genas
762 2532 886 2594 fulgebitis
898 2546 967 2591 auro,

324 2658 372 2703 710
388 2641 433 2687 Hei
447 2637 515 2693 mihi,
528 2650 580 2683 care
589 2637 686 2697 parens!
706 2636 792 2683 iterum
803 2635 899 2681 sortasse
907 2635 1007 2695 rogabo.

385 2737 452 2784 Illius
465 2733 573 2781 humenti
586 2747 684 2795 carpens
696 2743 763 2795 pater
774 2732 853 2778 oscula
862 2732 931 2778 vultu
947 2749 953 2777 :

385 2837 441 2880 Non
453 2832 564 2894 equidem
577 2831 618 2876 has
630 2844 738 2891 unquam
750 2828 868 2890 culparlm
881 2836 938 2874 nata
950 2828 1068 2888 querelas,

385 2932 450 2977 Pone
462 2940 556 2976 metuet
575 2928 693 2975 laudanda
705 2941 787 2987 rogas:
806 2939 850 2973 nee
861 2923 935 2985 digna
947 2924 1039 2986 negari.

383 3028 428 3073 Sed
441 3026 500 3074 milli
513 3027 589 3072 multa
601 3025 637 3070 dei
650 3027 706 3087 (nec
717 3035 744 3070 tu
756 3025 846 3085 sperare
856 3021 923 3083 quod
936 3035 1008 3083 urges

317 3147 347 3201 7¹
353 3144 366 3197 ς
384 3125 479 3187 Desine)
497 3126 575 3172 multa
586 3136 673 3182 metus,
690 3125 804 3185 regnique
815 3121 924 3169 volubile
935 3122 1033 3182 pondus

374 3228 527 3295 Subjicitmt
538 3224 633 3275 auimo.
647 3220 740 3275 uttslet,
754 3218 799 3276 qui
807 3216 964 3262 uelixtus'xu'm
1051 3216 1053 3220 '

1113 3309 1135 3348 *3
