2700 3900
311 566 346 636 ga
470 565 1001 618 nr¹n1³1n11srnrrr

377 705 451 774 Qid,
467 709 532 770 quod
544 707 611 756 abire
621 709 704 765 domu,
721 708 846 771 rursusque
856 707 883 758 in
896 710 1004 762 claustra
1014 706 1087 768 reuerti
1114 718 1118 729 “

348 821 361 872 5
379 806 474 863 Suetus,
490 809 512 852 dc
524 818 538 851 a
549 814 619 866 cepta
627 803 679 865 jam
691 804 774 866 sponte
784 805 894 852 recudere
905 809 1001 869 prada,

376 904 523 966 insertasque
534 917 620 951 manus
631 905 687 950 saxo
697 902 820 951 dimittere
831 905 913 953 morsu
924 909 934 954 ἓ

370 1000 486 1061 Occidis,
502 1005 606 1051 altarum
617 1002 721 1050 vastatur
730 1002 789 1050 seve
799 1003 919 1064 serarum,

377 1106 435 1153 Non
446 1117 515 1166 grege
525 1105 634 1165 Massylo,
651 1117 772 1166 curvaque
782 1103 897 1167 indagine
908 1108 1024 1158 clausus»

378 1204 435 1249 Non
446 1202 577 1249 sormidato
587 1202 656 1264 supra
666 1203 784 1260 venabula
795 1201 855 1251 saltu

333 1314 363 1348 10
378 1298 479 1357 incitus,
496 1311 538 1346 aut
549 1313 614 1348 caco
624 1298 699 1347 soveae
711 1298 824 1360 deeeptus
834 1298 915 1356 hiatu,

377 1397 422 1443 Sed
433 1396 511 1443 vidius
521 1396 628 1456 fugiente
638 1395 696 1443 sera.
713 1395 758 1443 siat
768 1394 866 1443 cardine
876 1408 964 1459 aperto

372 1497 461 1544 Infelix
472 1509 551 1552 cavea,
568 1499 591 1542 ar
601 1496 686 1545 clausis
696 1495 789 1545 circum
801 1497 911 1560 undique
925 1500 1008 1562 portic

375 1598 430 1644 Hoc
440 1593 530 1641 licuisse
541 1594 608 1642 nesae
617 1593 698 1656 pavidi
710 1592 812 1644 timuere
822 1595 912 1646 leones.

375 1694 448 1739 Tunc
459 1688 552 1737 cundiis
563 1689 667 1738 cecidere
675 1689 751 1752 jubae,
767 1691 905 1755 puduitque
917 1694 1028 1745 relatum
1119 1699 1121 1704 '

331 1804 360 1856 15
378 1790 497 1852 Aspicere,
514 1794 536 1837 δι
547 1798 610 1837 totas
622 1789 711 1836 duxere
722 1789 748 1837 in
760 1790 854 1839 lumina
864 1791 969 1843 scentes.

374 1894 409 1937 At
421 1901 444 1938 te
455 1904 504 1938 non
514 1890 594 1953 primo
605 1889 685 1937 susum
697 1904 774 1937 novus
785 1890 866 1938 obruit
880 1890 931 1940 ictu

372 1993 417 2040 lise
426 1993 518 2054 puder3
536 1993 641 2039 mansere
652 1990 737 2049 animi,
754 1990 877 2053 virtusque
887 1994 988 2042 cadenti
1053 2045 1055 2049 ,

374 2090 398 2134 Α
409 2087 487 2134 media
496 2085 548 2148 jam
559 2098 638 2134 morte
648 2085 725 2134 redit:
743 2100 786 2134 nec
798 2099 916 2149 protenus
926 2104 1018 2139 omnee

371 2186 450 2245 Terga
462 2185 545 2235 dedere
556 2184 637 2233 minae.
654 2187 714 2232 srcut
728 2183 770 2232 sabi
782 2185 892 2233 conscius
903 2188 948 2235 alti

325 2299 357 2333 20
374 2282 496 2342 Vulneris,
513 2284 636 2331 adversum
649 2282 754 2330 moriens
765 2282 785 2331 it
796 2284 866 2331 miles
877 2283 903 2331 in
915 2286 1021 2347 hostem,

371 2382 518 2445 Attollitque
530 2398 639 2441 manum,
656 2388 678 2429 dr
690 2382 752 2428 serro
761 2382 857 2429 labente
867 2382 996 2435 minatur:

370 2485 409 2532 Sic
420 2486 486 2547 piger
497 2485 537 2533 ille
548 2486 631 2547 gradu,
647 2486 765 2547 solitoque
776 2494 864 2532 exutus
874 2486 969 2535 honore

370 2584 462 2630 Firmat
473 2583 542 2630 hians
553 2586 637 2633 oculos
646 2586 812 2647 animumque,
829 2585 973 2647 hostemque
984 2584 1092 2650 requirit.

367 2683 459 2743 Magna
470 2691 551 2727 tamen
563 2681 634 2730 subiti
647 2693 728 2730 tecum
739 2682 823 2731 solatia
834 2682 886 2741 seri,

320 2796 351 2847 25
367 2781 447 2839 vidie,
456 2779 531 2837 seres,
548 2779 613 2840 quod
625 2789 648 2825 te
660 2780 738 2827 moesti
750 2780 903 2843 Populusque
914 2781 1056 2848 Patresque,

366 2882 417 2927 Ceu
429 2864 501 2926 notus
512 2877 605 2924 caderes
617 2878 678 2925 tristi
690 2879 898 2940 gladiaturam,

368 2979 510 3038 Ingemuere
521 2974 598 3023 mori:
618 2976 699 3036 magni
712 2977 776 3037 quod
788 2975 887 3024 Caesaris
897 2989 940 3023 ora

364 3072 430 3117 Inter
439 3078 476 3115 tut
486 3066 617 3129 dethicas,
633 3068 788 3130 Libycusque,
805 3073 827 3115 δι
838 3067 920 3115 littore
930 3067 1025 3129 Rheni,

362 3171 393 3217 Et
405 3166 491 3214 Pharia
502 3167 530 3214 de
541 3177 611 3228 gente
621 3168 691 3225 serae,
708 3182 769 3229 quas
780 3168 877 3230 perdere
888 3168 936 3217 vile
947 3168 994 3228 est,

364 3268 444 3319 Unius
455 3268 531 3318 amissr
543 3268 622 3334 tetigit
630 3267 725 3333 jactura
735 3267 821 3323 lconis.

938 3370 999 3431 Vs.
1023 3363 1135 3431 ΟΟΝ·
