2700 3900
300 579 344 630 ις»
454 563 481 611 u.
525 563 743 611 rarrurr
781 565 968 616 srn‘rrr

384 705 527 766 yramidum‚
543 710 565 753 δι
576 719 664 767 magno
674 708 798 754 tumulum
809 718 936 770 praetexere
944 707 1009 757 luens

357 800 410 849 Illic
421 804 442 846 de
454 799 526 848 Siculi
538 802 675 863 superassem
686 802 748 848 dona
763 802 890 863 sepulchri,

358 903 389 950 Et
400 901 502 947 Nemeen
512 898 605 957 ludum,
621 903 643 944 dt
654 898 748 959 Pelopis
757 899 863 951 solennia
875 902 958 949 trunci.

357 997 410 1045 illio
421 996 522 1043 Oebalio
532 1008 581 1043 non
592 996 690 1043 finderet
701 996 753 1042 aira
764 996 829 1044 disco

358 1093 487 1141 Graiorum
498 1092 534 1140 vis
545 1094 593 1140 ulla
604 1092 680 1141 virdm
690 1110 697 1142 t
715 1108 764 1141 non
775 1110 832 1142 arva
843 1097 930 1158 rigaret

311 1211 340 1261 35
357 1196 433 1243 Sudor
443 1194 539 1257 equdm,
550 1205 592 1242 aut
602 1194 666 1256 putri
677 1194 782 1244 sonitum
792 1196 859 1244 daret
869 1199 957 1259 ungula
967 1205 1054 1258 campos

355 1298 400 1345 Sed
411 1295 494 1345 Phoebi
506 1296 604 1358 simplex
615 1295 708 1344 chorus.
720 1296 759 1344 hic
769 1297 907 1347 frondentia
917 1310 996 1352 vatum

354 1397 456 1446 Proemia
466 1397 570 1453 laudato,
586 1395 687 1457 genitor,
703 1395 747 1442 tibi
759 1397 804 1444 rite
814 1399 927 1447 dicarem.

354 1493 405 1556 lpse
416 1491 512 1539 madens
522 1488 607 1547 oculis,
624 1492 763 1539 umbrarum
774 1493 912 1555 animaeque
922 1493 1020 1541 sacerdot

354 1589 509 1649 Praeciperem
520 1586 632 1646 reditum,
649 1588 689 1634 cui
700 1599 724 1635 te
734 1603 777 1636 nee
787 1591 906 1637 cerberus
916 1590 984 1638 omni

309 1687 340 1735 do
355 1686 412 1742 Ore,
427 1696 470 1730 nec
482 1681 583 1744 Orpheae
594 1682 691 1745 quirent
701 1695 803 1732 avertere
814 1687 895 1746 legere

352 1784 442 1845 Meque
452 1779 547 1827 habitus
559 1780 681 1842 moresque
691 1791 746 1829 tuos
757 1787 779 1828 te
790 1782 853 1829 stila
865 1792 989 1830 canentem
1043 1806 1045 1811 v

353 1885 410 1930 Fors
421 1887 443 1929 ει
454 1879 609 1941 magniloquo
619 1892 668 1925 non
679 1878 846 1939 posthabuisset
858 1881 972 1936 Homero,

353 1982 503 2031 Tenderet&
515 1990 582 2026 torvo
592 1978 667 2040 pietas
679 1991 772 2039 aquare
779 1978 885 2025 Maroni.
906 1964 909 1968 ’

352 2086 402 2131 Cur
413 2081 488 2142 magis
499 2079 594 2126 incessat
604 2079 715 2139 Superos,
731 2082 753 2123 ἀ
763 2077 822 2124 saeva
834 2078 947 2125 Sororum

305 2176 336 2238 ⁶5
352 2171 467 2226 StamIna,
484 2184 537 2229 quae
548 2167 628 2227 tepido
639 2166 741 2227 genitrix
751 2166 819 2227 super
829 2180 912 2226 aggere
923 2164 973 2212 nati

350 2267 415 2314 Orba
426 2264 506 2311 sedet?
523 2264 560 2309 vel
571 2278 624 2323 quae
636 2262 744 2322 primaevi
756 2261 862 2321 conjugis
875 2261 955 2322 ignem

351 2364 451 2427 Aspicit,
467 2362 629 2422 obstantesque
640 2376 735 2417 manus,
751 2361 894 2422 turbamque
904 2370 1022 2407 tenentem

347 2463 440 2521 Vincit,
457 2462 482 2509 in
493 2463 614 2509 ardentem
626 2459 717 2522 (liceat)
730 2460 846 2506 moritura
858 2460 990 2506 maritum?

347 2564 427 2624 Major
438 2575 500 2610 certe
511 2564 557 2610 illis
568 2565 668 2624 Superos
679 2568 700 2608 dc
711 2565 811 2608 Tartara
822 2563 912 2622 pulsem

301 2679 332 2723 70
348 2660 455 2708 Invidiat
474 2660 577 2705 extemis
588 2660 661 2706 etiam
673 2658 803 2706 miserabile
813 2658 864 2704 visu

343 2763 423 2807 Funus
435 2769 481 2805 eat.
512 2759 555 2804 Sed
568 2772 610 2805 nec
622 2760 695 2805 modo
705 2758 727 2804 se
739 2760 830 2805 Natura
841 2758 941 2815 dolenti,

344 2863 394 2907 Nec
407 2859 483 2907 Pietas
494 2857 580 2919 injusta
592 2858 663 2905 dedit.
681 2857 739 2904 milri
752 2856 928 2930 limineprimo

345 2959 468 3013 Fatorum,
485 2963 506 3003 δι
518 2955 596 3014 viridi,
613 2955 713 3015 genitor,
730 2969 771 3001 ceu
785 2939 865 3015 raptus
877 2955 907 3000 ab
919 2968 978 3011 aevo,

343 3056 444 3099 Tartara
455 3054 513 3099 dura
525 3054 595 3100 subis.
611 3066 654 3097 nec
665 3052 730 3097 enim
742 3051 895 3098 Marathonia
905 3051 974 3112 virgo

294 3167 326 3219 75
344 3152 442 3201 Parcius
453 3152 586 3200 extinllum
598 3151 712 3197 saevomm
724 3149 823 3196 crimine
835 3150 953 3210 agreslum

331 3256 441 3308 fleverit
452 3254 574 3314 Icarium,
587 3248 698 3312 Phrygia
705 3247 779 3309 quiam
787 3256 853 3291 turre
861 3248 986 3290 ementem

327 3352 329 3358 ’
1009 3333 1075 3388 lenta*
