2700 3900
400 555 696 607 svcvnrtum
735 537 889 610 eruere
1023 570 1060 623 ις

275 701 423 760 Confrcmat‚
440 706 461 748 de
473 702 554 749 sileant
564 699 652 764 pejoris
662 713 787 749 murmura
797 701 886 751 samer
906 710 908 713 ’
991 741 997 749 ,

228 809 258 866 ¹5
276 801 371 863 Quippe
382 811 471 859 manet,
486 802 636 862 longumque
647 814 698 847 aevo
709 801 821 848 redeunte
831 784 948 859 mauebit,

274 902 351 956 Quem
363 914 435 962 penes
447 899 571 962 intrepidre
581 899 648 948 mitis
660 899 766 947 custodia
777 900 871 949 Romae·

272 1001 325 1046 Nec
336 1010 431 1047 tantum
444 999 565 1047 induerint
575 1000 630 1048 fatis
642 1014 704 1047 nova
715 1000 799 1048 saecula
807 1001 907 1060 crimen,
987 1044 990 1051 ,

272 1102 326 1145 Aut
334 1090 459 1157 ⁴instaurari
468 1098 600 1161 peccaverit
610 1112 650 1145 ara
661 1099 768 1148 Terenti.

273 1197 318 1243 Ast
329 1210 373 1257 ego
383 1210 426 1243 nec
437 1195 555 1242 Phoebum
568 1197 719 1257 (quanquam
730 1194 790 1242 mihi
800 1196 869 1244 surda
879 1197 928 1245 tine
937 1195 981 1246 illo

222 1308 257 1342 eo
273 1291 376 1353 Plcttra)
388 1307 432 1340 nec
444 1282 535 1339 Aonias
546 1291 639 1339 decima
650 1305 707 1339 cum
719 1292 814 1338 Pallade
824 1292 900 1352 divas,

273 1394 326 1439 Aut
337 1389 422 1436 mitem
433 1391 528 1451 Tegeae,
544 1388 652 1436 Dircesve
663 1388 777 1436 hortabor
787 1383 932 1452 alumnum3

273 1488 325 1549 lpse
335 1486 398 1546 veni,
414 1487 521 1548 viresque
529 1497 602 1535 notas
614 1487 772 1550 animumque
781 1488 900 1549 ministra,

274 1585 322 1640 Qui
335 1585 440 1633 canerisr
458 1586 542 1633 dextro
553 1600 596 1633 nec
607 1585 672 1633 enim
684 1588 731 1633 stne
739 1587 839 1634 numine
850 1597 932 1638 tantur

273 1687 388 1735 Ausoniae
398 1687 482 1735 decora
493 1689 573 1750 ampla
584 1699 655 1750 togae,
671 1699 817 1752 centumque
825 1658 879 1738 dedi
884 1691 911 1738 ut

227 1799 241 1833 n
245 1798 257 1848 5
274 1783 399 1848 Judicium
410 1793 573 1846 mentemque,
588 1785 655 1833 viris.
670 1785 727 1832 licet
738 1785 822 1833 enthea
833 1787 895 1834 varis

273 1883 391 1930 Excludat
402 1882 510 1943 Pimplea
521 1881 592 1940 istim,
608 1895 652 1929 nec
663 1882 757 1930 conseia
767 1883 837 1930 detur

273 1980 367 2038 Pirene,
382 1979 460 2039 largos
470 1978 550 2040 potior
561 1978 621 2026 mihi
633 1992 717 2041 gurges
728 1980 754 2052 ip
765 1980 862 2028 haustus

272 2077 320 2142 Qi
332 2078 424 2138 rapitur
434 2077 463 2123 de
473 2078 541 2124 sonte
551 2089 594 2125 tuo
604 2094 611 2126 r
629 2079 668 2125 seu
680 2080 751 2140 plana
761 2079 845 2127 solutis

271 2176 335 2221 Cum
346 2172 417 2221 struis
428 2174 478 2221 orsa
489 2174 576 2233 modis,
592 2175 631 2221 seu
642 2190 699 2222 eum
711 2175 755 2222 ribi
767 2176 845 2223 dulcis
856 2176 882 2223 in
894 2187 971 2226 artem

219 2289 255 2346 '30
273 2272 406 2333 Frangitur,
424 2277 445 2317 dc
457 2272 547 2318 nostras
558 2282 626 2319 curat
636 2273 749 2319 facundia
760 2276 831 2334 leges.

271 2372 349 2426 Quare
360 2385 411 2431 age,
428 2371 444 2416 sr
456 2370 534 2415 Cereri
547 2370 587 2416 sua
597 2370 659 2417 dona
672 2385 815 2433 merumque
825 2374 896 2433 Lyceo

269 2469 412 2523 Reddimus,
429 2472 451 2514 dc
462 2467 527 2515 dives
538 2468 632 2529 praede,
649 2477 730 2515 tamen
741 2470 832 2532 accipit
841 2470 909 2517 omni

269 2566 374 2614 Exuvias
386 2567 464 2614 Diana
476 2566 551 2625 tholo,
567 2566 711 2630 captivaque
720 2568 767 2614 tela

269 2663 433 2727 Bellipotens3
450 2678 493 2711 nec
504 2674 541 2721 tu,
558 2665 654 2727 quando
665 2664 721 2723 tibi,
737 2664 840 2725 Gallice,
855 2665 935 2729 majus

223 2770 253 2818 35
270 2754 410 2816 Eloquium,
427 2754 639 2817 fandique'opibus
649 2751 759 2804 sublimis
770 2758 887 2817 abundas,

268 2857 357 2918 Sperne
368 2854 415 2902 coli
426 2856 535 2903 tenuiore
546 2857 604 2919 lyra.
620 2870 680 2919 vaga
691 2858 797 2920 cingitur
808 2860 877 2907 astris

267 2955 345 3013 Luna,
361 2958 383 3000 de
395 2953 420 3000 iu
431 2967 548 3001 oceanum
559 2954 603 3001 rivi
615 2955 720 3003 cecidere
730 2956 845 3008 minores.

267 3057 328 3121 Qae
339 3056 383 3103 tibi
394 3055 509 3104 sollicitus
520 3056 631 3118 persolvit
641 3057 741 3119 praemia
752 3073 849 3107 morum

266 3148 341 3197 Urbis
352 3153 437 3198 amor?
454 3166 509 3214 quae
520 3162 573 3200 tum
585 3153 733 3215 Puerumque
743 3153 910 3217 Equitumque
920 3149 1004 3205 notavi

218 3265 251 3312 40
266 3249 381 3310 Lumine,
397 3254 419 3299 dv
431 3251 519 3314 ignarae
529 3252 606 3315 plebis
616 3254 698 3322 lugere
707 3258 835 3322 potentes?

230 3341 332 3391 νοω.
603 3344 624 3401 Β
998 3333 1073 3386 uon
