2700 3900
388 549 898 606 §illuminarunt
1033 576 1064 624 93

296 681 388 744 Donum
401 695 508 745 immane
518 695 589 744 duci:
607 709 651 745 nec
662 706 686 744 te
695 698 788 760 plebeia
799 701 933 749 manebunt

301 787 366 855 Jura3
384 795 496 866 Palatino
506 796 611 843 famulus
623 796 714 843 deberis
726 797 811 847 amori.

303 891 335 942 Nil
345 910 397 956 ego,
415 895 459 953 nil,
476 895 560 953 fatcor,
576 905 629 943 toto
639 902 691 943 t'am
702 897 772 942 dulce
782 896 824 943 sub
836 898 894 945 orbe

246 970 286 1021 40
303 989 345 1036 Aut
356 991 416 1048 vidi,
433 999 476 1037 aut
487 989 566 1051 genui.
583 989 651 1036 cedat
661 989 705 1036 tibi
718 989 827 1037 Latmius
838 991 903 1038 ultro

300 1090 471 1154 Sangariusque
481 1103 556 1152 puer3
575 1103 696 1151 quemque
707 1089 773 1137 irrita
784 1090 857 1137 sontis
870 1089 952 1153 imago

297 1191 323 1238 Et
335 1191 422 1238 sterilis
434 1188 577 1250 consumpsit
588 1202 663 1236 amor.
680 1198 705 1234 te
715 1188 805 1234 coerula
815 1188 876 1235 Nais

295 1293 387 1350 Mallet,
404 1298 427 1339 et
439 1290 551 1353 apprensa
563 1290 667 1338 traxisset
677 1289 764 1337 fortius
777 1304 845 1338 urna.

294 1393 341 1450 Tu,
357 1406 428 1453 puer,
445 1400 501 1437 ante
511 1402 609 1450 omnes3
627 1389 690 1436 solus
701 1389 826 1436 formosior
838 1389 879 1436 ille

246 1489 280 1548 45
295 1487 339 1535 Cui
352 1486 455 1534 daberis.
488 1485 526 1532 Sic
538 1486 596 1544 orsa,
614 1487 675 1534 leves
688 1486 766 1538 secum
778 1485 827 1547 ipsa
838 1499 880 1549 per
891 1499 961 1533 aurae

294 1583 380 1641 Tollit,
397 1581 536 1644 olorinaque
545 1581 613 1644 jubet
624 1584 745 1630 confidere
756 1584 818 1647 biga.

293 1684 345 1730 Nec
357 1697 440 1729 morat
456 1681 507 1742 jam
519 1683 581 1730 Latii
598 1693 701 1742 montes,
717 1685 849 1745 veterisque
859 1694 957 1746 penates

292 1781 408 1843 Evandri,
427 1795 487 1842 quos
498 1782 563 1828 mole
573 1795 635 1828 nova
647 1792 714 1842 pater
725 1781 827 1841 inclytus
839 1782 905 1829 urbis

292 1880 399 1937 Excolit,
417 1885 438 1927 dr
449 1878 549 1927 summis
561 1889 641 1940 aequat
650 1878 812 1926 Germanicus
823 1878 898 1925 astris.

246 1992 278 2041 5⁰
293 1980 368 2026 Tunc
378 1976 535 2040 propiorjam
547 1991 603 2025 cura
614 1978 673 2035 deae,
691 1991 746 2037 quae
757 1976 835 2023 forma
846 1975 939 2037 capillis

294 2077 406 2139 Optima,
422 2092 476 2139 quae
488 2077 557 2123 vellis
569 2077 644 2124 roseos
657 2076 784 2123 accendere
794 2076 876 2123 vultus

294 2174 376 2231 Apta3
395 2169 460 2231 quod
473 2170 497 2217 in
508 2171 600 2232 digitis,
616 2171 680 2218 collo
690 2170 756 2233 quod
768 2170 864 2232 dignius
876 2183 970 2220 aurum.

293 2270 373 2317 Norat
384 2269 486 2317 caelelles
498 2270 580 2317 oculos
591 2270 667 2328 ducis,
685 2269 782 2331 ipsaque
792 2270 866 2317 raedas

293 2369 421 2433 Junxerat‚
437 2372 458 2415 dt
469 2370 539 2429 plena
551 2368 646 2415 dederat
657 2359 780 2415 cbnnnbla
791 2369 882 2416 dextra.

249 2478 278 2529 55
295 2464 335 2513 Sic
346 2473 416 2513 ornat
428 2464 513 2524 crines,
529 2463 616 2526 Tyrios
627 2466 658 2512 sic
669 2463 750 2511 fundit
762 2463 882 2526 amidus5

294 2563 343 2610 Dat
354 2562 442 2622 radios,
459 2561 587 2625 ignemque
597 2562 674 2609 suum.
692 2562 776 2608 cellere
786 2561 876 2623 priores

293 2661 402 2721 Deliciae,
419 2662 584 2725 lamulrlmque
595 2676 675 2725 greges
687 2680 693 2709 z
712 2661 752 2708 hic
762 2663 848 2724 pocula
861 2678 951 2725 magno
994 2640 996 2642 .

293 2760 377 2809 Prima
388 2760 453 2820 duci,
469 2761 605 2822 murrasque
616 2773 706 2821 graves,
723 2760 877 2823 crystallaque
887 2769 970 2822 portat

294 2854 441 2905 Candidiore
451 2869 540 2903 manui
559 2856 641 2903 crescit
651 2869 713 2902 nova
726 2856 801 2918 gratia
812 2840 915 2903 'Bacche

249 2953 280 3007 60
296 2954 358 3002 care
368 2965 436 3016 puer,
453 2950 548 3014 Superis
560 2951 602 3014 qui
614 2951 738 3014 praelibare
748 2953 879 2999 verendum

296 3050 395 3108 Nedar,
413 3055 435 3097 dc
446 3049 568 3112 ingentem
578 3051 651 3099 toties
662 3050 800 3113 contingere
811 3051 919 3097 dextram

295 3143 403 3200 Electus,
419 3156 492 3205 quam
504 3146 567 3193 nolle
579 3145 657 3203 Getae‚
674 3157 749 3207 quarn
760 3155 856 3207 tangere
866 3144 949 3204 Persae,

297 3239 465 3303 Armeniique,
479 3240 583 3311 ludique
590 3242 696 3309 petunt!
715 3241 825 3296 Oldere
835 3242 925 3299 deam
1105 3314 1108 3319 ι

1029 3335 1125 3392 idme„
