2700 3900
381 352 680 410 survrrrun
718 356 809 412 ιιι.
848 356 902 412 nr.
1030 370 1063 429 ,φ

272 490 376 554 Mecum
388 503 453 552 viera
464 490 549 570 Joveln
559 521 566 551 ι
584 513 611 551 tu
623 501 786 564 procurrentia
797 501 883 566 primis

275 594 389 650 carmina
401 601 480 662 porira
491 601 562 657 sonis,
579 599 687 667 tutasque
699 598 725 646 in
735 612 859 647 murmure
869 600 952 650 nonen

228 676 265 745 35
281 700 342 747 dure
353 699 419 761 rapis
430 698 514 758 vigilie
532 697 597 758 longi
608 707 635 744 tu
646 697 695 743 sola
705 695 794 744 laboris

280 780 386 855 Consciu',
403 809 510 856 cumque
520 796 569 842 tuis
580 795 654 843 creuit
665 808 718 842 mea
728 793 835 842 Thebais
846 793 924 845 annin

279 893 375 958 Qalem
387 903 414 940 te
423 905 500 954 nuper
511 892 603 954 Stygias
614 905 689 954 prope
699 901 782 952 raptus
792 891 822 938 ad
835 892 920 950 undar,

277 992 336 1040 Cum
345 991 399 1053 jum
411 990 519 1038 Lethaeus
530 990 637 1037 audirem
648 990 760 1037 cominus
771 983 862 1048 amnes',

274 1092 380 1155 Aspexi!
399 1089 516 1152 tenuique
526 1090 609 1136 oculor
617 1086 670 1150 jam
682 1098 760 1136 morte
770 1089 890 1138 cadentes·

225 1194 264 1243 40
276 1188 372 1238 Scilicet
382 1187 492 1236 exhausti
508 1186 613 1234 Lachefis
626 1186 687 1234 mihi
699 1194 808 1248 tempora
818 1186 863 1235 fati

273 1289 308 1335 'l'c
318 1292 418 1335 tantum
428 1284 536 1332 miserata
547 1285 620 1341 dedit,
635 1285 768 1347 superique
777 1293 889 1348 potentes

271 1384 393 1434 Invidiam
403 1383 506 1431 timuere
513 1378 592 1431 'tuam
624 1383 677 1446 pust
687 1383 740 1443 ista,
757 1385 922 1447 propinquum

271 1485 345 1533 Nunc
356 1482 410 1540 iter,
427 1481 567 1544 optatosque
577 1483 640 1529 smus
651 1496 731 1530 comes
743 1483 776 1529 ire
786 1483 904 1531 moraris?

270 1583 325 1629 Heu
337 1581 380 1628 ubi
389 1590 447 1627 notu
458 1580 527 1640 fides,
545 1586 630 1640 totque
640 1582 763 1642 explorata
774 1583 891 1641 perusus,

221 1692 255 1742 45
271 1680 325 1744 Qa
335 1687 426 1724 ueteres
438 1676 528 1732 Latias,
544 1676 675 1737 Graiusque
686 1675 804 1724 Heroides
816 1678 916 1737 equari

268 1773 324 1821 Iil'et
335 1770 367 1816 ad
376 1769 463 1816 lliucas
474 1767 544 1832 (quid
556 1768 621 1816 enim
632 1768 734 1815 deterret
744 1777 852 1815 amantes
862 1767 884 1827 ?)

270 1871 392 1932 Penelope
402 1869 480 1930 gavisa
491 1870 585 1926 domos,
601 1869 617 1916 fi
628 1869 707 1930 pulsus
718 1866 810 1916 Ulixes.

268 1968 357 2024 Questa
368 1968 402 2016 cst
414 1967 521 2029 AEgiale,
537 1968 619 2031 questa
629 1968 663 2015 est
674 1968 790 2015 Meliboea
800 1966 914 2029 relinqui,

267 2066 300 2113 Et
311 2073 464 2127 quemquam
475 2063 528 2112 saevi
540 2064 647 2111 lecerunt
658 2064 770 2112 Maenada
781 2064 900 2126 plancius.

223 2178 253 2228 50
268 2166 321 2213 Nec
334 2165 415 2213 minor
426 2165 464 2213 hie
475 2176 502 2211 tu
513 2166 577 2210 nosse
588 2164 669 2222 fidem,
686 2129 830 2224 firmimque
841 2161 934 2211 maritis

266 2264 385 2315 Reddere.
400 2266 432 2312 fic
443 2272 507 2311 certe
517 2262 616 2321 emeres,
633 2262 793 2323 umbramque
803 2260 908 2322 priorem

266 2360 361 2427 Qaeric
372 2362 450 2408 adhuc
461 2378 467 2408 ε
487 2362 518 2407 src
529 2358 641 2421 exequias
653 2360 764 2420 amplexa
775 2357 857 2405 canori

265 2459 394 2520 conjugis,
410 2460 518 2521 ingentes
530 2458 601 2507 iteras
612 2458 642 2504 de
652 2458 748 2519 pestere
758 2457 877 2518 plancius,

264 2559 323 2624 Jarn
334 2572 397 2606 meu.
428 2559 481 2605 Nec
492 2559 567 2618 pietas
579 2557 625 2606 alia
636 2556 669 2603 est
681 2555 734 2615 tibi,
751 2569 855 2618 curaque
865 2564 945 2605 natae

220 2667 249 2719 55
266 2654 306 2702 Sic
317 2664 347 2702 ut
357 2665 435 2702 mater
445 2668 522 2711 amas,
532 2656 569 2702 'irc
580 2665 705 2715 nunquam
718 2653 789 2700 corde
800 2650 890 2706 recedit

264 2755 332 2801 Nata
343 2764 403 2814 tu03
420 2755 545 2813 fixamque
556 2750 631 2799 animi
642 2751 804 2814 penetralibus
816 2749 873 2797 imis

264 2854 354 2912 Nocte,
369 2853 458 2914 dieque
469 2862 543 2899 renes.
560 2865 608 2900 non
619 2852 650 2899 fic
661 2850 792 2898 Trachinia
803 2849 874 2896 nidus

264 2950 377 3010 Alcyone
388 2962 481 3012 uernos,
497 2961 546 2995 nun
557 2948 588 2995 fic
600 2944 732 2994 Philomela
743 2953 841 3006 penates

264 3043 361 3091 circuit
372 3044 525 3106 ampleeienr,
541 3042 700 3106 animamque
711 3040 737 3090 in
748 3040 852 3106 pignora
860 3037 987 3090 teruncium

226 3133 289 3181 ναι.
304 3138 326 3182 1.
622 3144 648 3190 0
970 3138 1005 3185 (ιιι
1016 3131 1085 3180 Bm
