2700 3900
293 541 343 593 114
452 524 481 574 Ρ.
519 521 739 572 Partem
778 519 971 572 sTA'rll

356 669 409 718 Nec
420 679 469 716 non
480 664 559 714 noller
569 680 647 725 amor,
664 663 779 729 (dubium
791 678 922 713 morumne
932 650 1072 729 probandt

357 762 482 827 ingeniine
493 760 575 823 bonis)
592 761 668 809 Latiis
680 761 773 809 aestivat
785 762 811 808 in
822 761 891 810 oris?

358 864 430 910 Anne
441 858 590 907 metalliferae
601 857 748 920 repetitjam
760 857 852 906 moenia
864 861 939 908 Lunae

358 951 541 1021 Tyrrhenasque
551 958 655 1005 domos?
674 956 768 1017 quodsi
780 955 827 1004 tibi
839 957 964 1018 proximus
974 957 1044 1009 hereb

305 1072 341 1124 ²5
357 1056 416 1106 Non
426 1069 547 1120 egonunc
557 1054 633 1102 vestro
644 1055 729 1117 procul
741 1069 755 1101 a
766 1054 874 1103 sermone
886 1057 981 1104 recedo:

360 1157 461 1204 Certum
472 1153 523 1201 esta
541 1153 597 1201 inde
607 1151 678 1200 sonus
689 1152 798 1215 geminas
809 1152 870 1200 mihi
883 1155 967 1204 circuit
976 1163 1036 1203 aures.

360 1255 406 1302 Sed
417 1264 454 1316 tu,
472 1254 532 1301 dum
543 1251 620 1300 nimio
631 1253 728 1313 possessa
738 1253 879 1314 Hyperione
890 1257 972 1318 flagrat

358 1356 442 1403 Torva
452 1351 558 1401 Cleonaei
566 1351 627 1412 juba
638 1351 728 1413 rideris,
745 1365 807 1400 exue
818 1353 885 1401 curis

359 1455 495 1518 Pelion&
505 1452 595 1501 assiduo
606 1461 682 1500 temet
693 1452 771 1500 surare
782 1453 869 1503 labori.

314 1572 345 1621 30
361 1557 393 1602 Et
401 1555 479 1601 sontes
489 1550 568 1614 operit
578 1550 711 1613 pharetras,
727 1567 861 1617 arcumque
873 1554 973 1604 retendit

359 1653 477 1713 Parthus5
495 1658 517 1700 az
528 1649 597 1700 Elios
608 1652 701 1716 auriga,
718 1655 842 1702 laboribus
854 1657 923 1716 adlit,

359 1747 455 1811 Alpheo
465 1748 600 1810 permulcet
610 1750 703 1811 equos:
721 1753 744 1796 dc
755 1749 835 1797 nostra
846 1750 936 1798 fatiscit

358 1849 512 1908 Laxaturque
523 1846 610 1910 chelys.
627 1847 690 1896 vires
702 1848 807 1910 instigat,
824 1849 918 1911 alitque

361 1946 518 2011 Tempestiva
530 1947 614 2010 quies:
634 1947 712 2010 major
723 1949 776 2011 post
787 1948 838 1997 otia
848 1950 934 2000 virtus.

315 2065 344 2115 35
362 2048 430 2096 Talis
441 2058 537 2095 cantata
548 2045 652 2094 Briseide
662 2046 728 2094 venit
740 2047 848 2096 Achillea

361 2145 456 2203 Aerior,
473 2150 496 2192 dc
507 2145 589 2207 postris
600 2144 681 2206 erupit
692 2145 717 2191 in
728 2146 832 2192 Hedlora
843 2146 949 2208 pledlria.

361 2249 398 2294 Te
409 2261 508 2320 quoque
519 2246 656 2294 flammabit
668 2246 741 2294 tacite
752 2248 855 2309 repetita
867 2262 996 2312 parumper
1048 2301 1050 2305 ,

360 2337 463 2395 Desidia,
481 2342 503 2384 dc
514 2337 595 2384 solitos
607 2351 684 2384 novus
696 2339 816 2386 exultabis
828 2339 854 2386 in
866 2340 943 2389 anus.

359 2437 430 2483 Certe
437 2434 488 2496 jam
501 2434 575 2483 Latiae
587 2449 636 2482 non
648 2436 748 2483 miscent
757 2436 837 2498 jurgia
849 2437 923 2498 legen·
984 2426 986 2430 ¹

312 2546 345 2593 40
361 2533 392 2577 Et
403 2544 486 2592 pacem
499 2531 566 2592 piger
577 2544 654 2577 annus
666 2531 756 2579 habeta
776 2533 906 2596 messesque
916 2534 1010 2581 reversae

275 2626 278 2630 ’
357 2629 473 2678 Dimisere
484 2630 573 2680 sorum.
590 2644 633 2678 nec
641 2631 694 2691 jam
706 2631 752 2679 tibi
764 2635 834 2680 turba
847 2648 946 2683 reorum

357 2726 492 2786 Veslibulo,
508 2728 632 2791 querulive
644 2741 729 2791 rogant
739 2731 804 2779 exire
815 2731 924 2783 clientes.

357 2826 436 2884 Cessat
444 2824 547 2873 centeni
559 2826 705 2874 moderatrix
715 2829 810 2894 Judicis
820 2829 897 2888 halla,

358 2926 411 2987 Qa
423 2901 574 2972 tibimbflmi
584 2922 637 2984 jam
649 2937 715 2973 nunc
726 2926 882 2975 celeberrima
892 2927 959 2976 sama

311 3035 344 3085 45
360 3019 466 3079 Eminet,
482 3018 614 3080 &juvenes
624 3020 738 3068 facundia
750 3023 856 3083 preterit
867 3038 953 3073 annos.

328 3140 329 3143 =
360 3112 428 3160 Felix
439 3126 550 3159 curarum
562 3114 567 3160 l
586 3112 626 3162 cui
637 3129 687 3163 non
698 3116 827 3165 Heliconia
837 3118 905 3165 cordi

355 3215 433 3278 Serta,
451 3226 496 3264 nec
507 3211 619 3266 imbelles
628 3216 728 3267 Parnasi
737 3231 752 3265 e
761 3217 851 3267 uernae
860 3220 960 3271 laureae
