2700 3900
393 352 464 411 ,AD
511 348 900 401 MARCELLUM.
997 367 1039 402 ror

262 484 366 555 wilinit,
387 505 460 544 tuum
479 493 577 557 quidem
596 492 669 540 etiam
689 492 897 557 condiscipulum
925 494 962 545 red
980 494 1042 544 mihi

269 591 350 644 Contra
365 596 411 643 hoc
432 608 529 656 quoque
545 592 594 654 jus,
611 592 737 640 ardliffime
751 609 841 643 carum.
858 610 915 643 nam
932 597 1044 644 Vindicis

274 693 340 745 nostri
353 698 483 747 Herculem
498 685 675 758 Epitrapezion,
692 695 819 742 secundim
838 696 952 744 lronorem
970 712 1044 760 quem

278 791 304 842 de
317 816 362 860 me,
379 806 402 848 tc
421 800 451 846 de
468 798 523 861 ipfis
540 797 623 844 studiis
642 805 754 855 meretur,
771 796 890 858 imputare
905 797 979 845 etiam
999 798 1044 847 tibi

278 899 368 954 polium.
412 897 552 945 Maximum
573 895 674 960 junium
700 895 825 956 dignitatis
851 900 874 943 dc
901 897 1044 959 eloquentiae

279 997 367 1043 nomine
377 1010 392 1043 a
403 994 474 1042 nobit
484 992 560 1054 diligi,
576 993 632 1039 satie
643 1007 708 1040 eram
728 992 826 1040 testatus
844 993 953 1055 epistola,
970 1008 1044 1056 quam
1079 1057 1081 1059 ‚

277 1093 379 1145 tdillum
390 1094 421 1141 de
431 1093 535 1141 editione
548 1091 685 1143 Thebaidos
701 1106 760 1141 meae
777 1092 907 1154 publicavi.
923 1094 961 1141 sed
980 1109 1045 1142 nunc

275 1206 432 1257 quoqueeum
446 1191 530 1239 reverti
551 1191 669 1238 maturius
687 1206 701 1237 e
720 1192 840 1239 Dalmatia
859 1206 925 1254 rogo.
957 1194 1045 1257 Juncia

273 1285 303 1332 est
322 1285 413 1345 Ecloga
432 1281 463 1329 ad
484 1281 631 1343 municipem
655 1296 736 1330 meum
758 1283 852 1348 Julium
874 1285 1046 1345 Menecraten,

272 1380 420 1444 splendidum
431 1380 558 1444 Juvenem,
574 1382 595 1424 &-
607 1378 677 1425 Pollii
689 1378 736 1426 mei
748 1392 875 1440 genetum5
893 1379 933 1427 cui
941 1381 1047 1442 gratulor

270 1484 334 1561 quod
344 1481 476 1545 Neapolim
491 1480 594 1528 nollram
613 1494 714 1529 numero
731 1482 859 1530 liberorum
879 1483 1045 1533 honestaverit.
1083 1471 1085 1477 ¹

268 1583 349 1633 Plotio
359 1581 470 1645 Grypho,
485 1579 583 1642 majoris
594 1581 680 1642 gradus
689 1580 780 1641 juveni,
796 1582 892 1643 dignius
904 1564 1046 1644 opusculum

269 1685 384 1731 reddam:
403 1682 441 1729 led
453 1681 549 1728 interim
564 1681 786 1741 Hendecalyllabos,
803 1696 863 1744 quos
880 1684 1045 1731 Saturnalibus

268 1800 318 1834 una
336 1784 440 1841 ristmus,
465 1782 521 1830 huic
540 1779 657 1829 volumini
677 1779 772 1827 inserui.
809 1782 886 1846 Qate
904 1794 959 1843 ergo
978 1786 1046 1846 plura

269 1882 295 1931 ln
306 1893 396 1945 quarto
414 1880 542 1941 Silvarum,
560 1895 634 1944 quarn
652 1879 677 1926 in
694 1876 833 1942 prioribus?
867 1880 904 1926 Ne
922 1880 945 1927 se
962 1891 1049 1942 putent

269 1983 364 2046 aliquid
382 1980 461 2044 egille,
478 1981 520 2042 qui
540 1981 740 2044 reprehenderunt
758 1983 797 2044 (ut
813 1982 896 2043 audio)
916 1984 981 2045 quod
1001 1983 1049 2035 lroc

270 2081 318 2130 llili
329 2093 406 2144 genus
424 2079 553 2128 edidissem.
586 2079 704 2137 Primum,
720 2080 892 2141 supervacuum
911 2082 945 2128 eli
961 2081 1047 2132 diffun-

270 2175 326 2224 dere
345 2188 396 2237 rem
415 2174 513 2224 tactam.
544 2173 643 2233 Deinde,
667 2176 743 2223 multa
762 2188 792 2221 ex
810 2175 857 2222 illis
872 2174 923 2235 jam
944 2177 1050 2225 Domino

270 2273 358 2324 ceferi
377 2273 502 2334 dederam;
524 2276 547 2319 δε
565 2282 657 2334 quanto
676 2270 722 2318 hoc
740 2272 794 2337 plus
811 2272 853 2330 eli,
874 2287 947 2335 quam
964 2274 1049 2324 edere?

270 2372 389 2421 exercere
399 2377 480 2416 autem
493 2367 563 2428 jocos
578 2380 627 2416 non
646 2368 721 2415 licet?
739 2369 755 2414 sr
774 2368 870 2426 secreto,
887 2368 974 2431 inquit.
1005 2369 1050 2418 Sed

272 2475 296 2520 dr
314 2468 513 2534 sphaeromachias
530 2471 670 2533 spectamus,
688 2475 710 2517 ει
729 2469 811 2532 pilaris
829 2470 887 2518 lusto
905 2470 1051 2520 admittitur.

270 2569 409 2627 noviffime,
426 2567 532 2632 quisquis
550 2581 579 2615 ex
596 2568 656 2615 meis
673 2568 764 2615 invitus
782 2568 874 2631 aliquid
890 2568 956 2629 legit,
971 2567 1052 2616 statim

272 2666 297 2714 se
314 2667 445 2730 profitetur
461 2666 597 2714 adversum:
624 2667 706 2730 itaque
729 2666 826 2714 consilio
848 2667 899 2727 ejus
920 2667 1051 2715 accedam?

273 2771 304 2818 ln
313 2767 418 2825 summa,
433 2779 520 2829 nempe
530 2780 574 2828 ego
585 2767 636 2814 sum
648 2770 690 2830 qui
705 2769 833 2814 traducor:
852 2778 937 2827 taceat,
955 2773 976 2816 δι
994 2784 1052 2831 gau-

274 2865 339 2925 deat.
371 2864 445 2911 Hunc
461 2873 543 2912 tamen
561 2862 650 2913 librum
670 2875 707 2923 tu,
722 2864 846 2922 Marcelle,
862 2864 982 2915 defendes.
1013 2869 1053 2925 Et,

274 2963 408 3026 fluidetur,
424 2964 552 3014 haetenutr
569 2966 705 3027 imminue,
722 2964 926 3029 reprehendemur.

915 3221 918 3227 ¹
1004 3141 1136 3205 rum
