2700 3900
370 546 860 598 auuvnxunttrusv,
978 558 1023 625 ¹5⁹
1087 534 1089 540 '

260 688 294 737 Te
305 690 359 747 stne,
375 693 398 736 ει
408 688 498 736 orbata
509 687 612 750 caligant
622 689 674 734 vela
686 687 780 736 cariuae.

259 787 307 835 Nec
318 787 395 835 solum
406 787 471 846 larga
482 795 571 834 memet
582 785 669 846 pietate
681 787 792 833 fovebas:

262 881 329 930 Talis
339 886 363 928 du
373 879 399 927 in
411 879 538 927 thalamos.
554 893 601 926 una
613 878 656 926 tibi
668 879 763 940 cognita
774 879 836 928 taeda

260 980 395 1036 Connubia,
412 992 474 1026 nnus
484 991 560 1025 amor.
576 989 639 1025 certe
645 978 768 1039 sejungere
778 988 880 1026 matrem

260 1077 314 1140 Jarn
325 1073 411 1136 gelidis
421 1088 513 1136 nequeo
525 1072 616 1134 buslit3
634 1083 659 1120 te
669 1073 747 1132 sentit,
764 1073 891 1135 habetque,

261 1174 297 1219 Te
307 1172 381 1230 videt,
398 1175 420 1217 dc
431 1171 538 1218 tumulos
546 1181 649 1232 ortuque
659 1171 775 1233 obituque
783 1172 876 1230 salutat,

260 1271 293 1316 Ut
305 1268 406 1316 Pharios
417 1268 469 1316 aliae
482 1268 537 1315 lisia
548 1267 637 1331 pietate
648 1268 740 1315 dolores

246 1377 249 1421 ς
264 1364 454 1426 Mygdoniosque
465 1364 555 1422 colunt,
571 1369 593 1410 dc
603 1378 651 1410 non
662 1365 703 1411 sua
713 1365 796 1412 sunera
806 1365 909 1426 plorant.
967 1400 982 1421 ,-
995 1374 997 1380 ’

263 1461 325 1524 Quid
337 1463 437 1509 reseram
448 1463 566 1523 expositos
577 1463 667 1509 servato
679 1465 782 1525 pondere
793 1478 870 1512 mores
883 1468 892 1512 ?
972 1446 986 1484 ‘¹

261 1563 321 1626 Qae
332 1563 409 1624 pietas
419 1566 428 1611 ?
446 1577 522 1623 quam
531 1563 578 1609 uile
588 1563 682 1610 lucrum
692 1567 701 1611 ?
719 1579 773 1625 quae
783 1580 840 1613 cura
850 1565 966 1626 pudoris?

262 1660 374 1724 Quantus
384 1671 452 1704 amor
462 1657 538 1705 redii?
556 1657 686 1719 rursusque,
703 1657 744 1705 ubi
756 1659 825 1706 dulce
836 1659 934 1718 rcrnitti,

263 1755 350 1804 Gratia
361 1770 416 1818 quae
428 1755 497 1801 distis
505 1752 613 1809 hanimo
625 1770 698 1816 quam
709 1758 774 1804 nulla
784 1758 908 1805 seneslut?

246 1874 249 1898 ι
264 1853 310 1900 His
321 1852 367 1899 tibi
378 1867 423 1913 pro
435 1851 536 1910 meritis,
551 1850 642 1899 samam
653 1853 780 1914 laudesque
788 1852 901 1913 benignas

265 1949 342 1996 Index
354 1962 412 1996 cura
421 1946 507 2007 Derim,
523 1949 637 2011 nulloque
648 1962 660 1994 e
671 1950 767 1996 vulnere
779 1948 854 1997 tristes

266 2050 396 2097 concessit.
413 2050 509 2110 raperis,
525 2049 626 2110 genitor,
643 2064 691 2097 non
702 2049 796 2111 indigus
807 2051 861 2109 tevi,

264 2147 323 2195 Non
335 2145 441 2207 nirnius5
458 2145 572 2208 trinisque
581 2146 662 2192 decern
673 2145 837 2208 quinquennia
847 2146 926 2206 lustrin

265 2243 355 2308 Juns'la
364 2243 448 2291 serens.
465 2242 502 2288 sed
514 2254 552 2288 rne
562 2242 638 2303 pietas
649 2256 780 2300 numerare,
796 2244 911 2305 dolorque

246 2353 250 2397 ς
268 2340 327 2386 Non
337 2338 401 2386 sinit.
416 2336 430 2384 ὃ
441 2337 518 2397 Pylias
529 2336 573 2384 aevi
584 2338 745 2384 transcendere
756 2348 842 2395 metas,

266 2434 299 2480 Et
309 2434 418 2480 Teucros
428 2445 521 2492 aquare
532 2432 603 2489 senes,
619 2432 633 2480 ὃ
643 2433 714 2493 digne
725 2433 803 2478 videre

268 2529 313 2576 Me
324 2527 439 2575 similem!
474 2529 518 2576 Sed
529 2542 572 2575 nec
584 2528 624 2576 leti
637 2528 681 2575 tibi
690 2528 764 2589 janua
775 2519 864 2575 tristis':

267 2624 365 2687 Qippe
375 2625 437 2670 leves
447 2625 536 2686 causae3
554 2638 596 2671 nec
607 2624 682 2686 segnis
694 2625 748 2671 tabe
759 2625 824 2673 senili

267 2724 356 2772 Exitus
364 2722 459 2770 instanti
471 2722 584 2784 praemisit
596 2722 702 2769 membra
712 2722 850 2784 sepulchr03

246 2837 254 2870 t
270 2819 316 2867 Sed
327 2828 351 2866 te
359 2827 441 2879 torpor
452 2818 522 2875 incre,
538 2822 560 2863 de
571 2830 635 2863 mors
646 2816 740 2863 imitata
751 2818 856 2878 quietern

269 2914 403 2977 Explicuit,
419 2914 523 2975 salsoque
534 2912 590 2960 tulit
600 2912 641 2959 sub
653 2915 753 2960 Tartara
762 2912 853 2959 somno.

270 3015 337 3076 Qos
347 3025 392 3073 ego
403 3021 462 3059 tunc
472 3010 591 3072 gemitus?
603 3008 722 3056 comitum
732 3022 818 3055 manus
829 3007 900 3057 anxia
910 3009 979 3072 vidit,

268 3109 342 3156 Vidit
352 3114 374 3155 dc
385 3109 522 3169 exemplum
533 3106 643 3168 genitrix,
659 3106 784 3167 gavisaque
794 3106 860 3153 vovit

269 3203 330 3266 Qae
342 3201 447 3249 lamenta
458 3198 510 3249 tull.
527 3198 622 3249 veniam
633 3198 767 3262 concedite,
781 3198 881 3260 Manes,
943 3224 959 3243 ·.

969 3295 1090 3361 cissae
