2700 3900
316 557 345 594 ιο
498 543 527 591 Ρ.
559 541 745 594 ΡᾹΡῙΝΗ
775 542 900 593 vlu.

318 695 390 749 opem
403 682 489 744 tulilie,
505 698 535 732 ne
549 682 637 733 scilicet
652 682 775 748 suppliciis
790 683 990 748 cruciatibusque,
1007 687 1096 752 quibua

321 794 375 834 turn
385 785 469 847 passim
480 783 656 843 afficiebantur,
671 781 801 846 agitaretur
811 782 867 847 ipse.
899 785 927 832 ln
940 784 1004 837 hanc
1014 798 1098 840 autem

318 882 434 947 pietatem
445 887 467 932 tr
475 881 614 946 religionem
624 880 820 940 inclinasseidem
830 884 901 946 poita
911 883 1003 945 innuit,
1013 887 1045 936 ob
1053 901 1095 942 eoa

318 979 504 1044 Virgiliirerlur
515 993 544 1027 ex
555 978 653 1040 Sibylla,

413 1106 470 1172 Jarrr
481 1101 536 1153 redit
545 1101 575 1153 i?
586 1104 661 1170 Virgo,
678 1101 765 1152 rederet
774 1104 879 1154 Saturnia
889 1123 964 1172 regna,

317 1238 341 1282 er
354 1231 453 1294 reliqua.
486 1230 530 1278 Sed
545 1243 576 1278 an
590 1228 697 1277 Dantlrea
712 1229 824 1294 deceptus
839 1198 876 1302 lit,
898 1241 927 1282 ut
940 1232 967 1280 in
982 1232 1089 1294 ejusdem

318 1323 392 1373 etiarn
403 1323 489 1387 patria,
506 1337 555 1372 non
565 1322 634 1370 vobis
642 1321 712 1370 facile
719 1322 830 1383 dixerim,
846 1329 937 1381 nam&
948 1324 1092 1380 recentiores

318 1423 378 1474 alios
388 1425 517 1479 nonnullos
526 1422 650 1485 scriptores
665 1422 691 1478 in
705 1423 788 1478 eodem
805 1423 873 1485 luilsp
889 1438 967 1473 errore
984 1422 1093 1488 inuenio.

316 1521 415 1585 Legitur
424 1520 603 1584 &epitaphium
614 1521 685 1571 Statii
695 1519 709 1573 i
719 1519 861 1584 Pomponio,
872 1530 901 1570 ut
910 1522 994 1583 fertur,
1004 1520 1091 1583 corrup

318 1629 381 1679 tum,
397 1620 462 1684 quod
473 1618 557 1667 referre
567 1619 630 1668 haud
640 1618 746 1682 pretium
757 1631 835 1681 operar
845 1618 946 1670 ridetur.
1003 1652 1006 1660 .

327 1890 593 1970 „GERARDUS
624 1890 836 1969 JOANNES
865 1891 1072 1963 vossws,

430 2026 473 2083 Dr
485 2024 572 2079 Poetis
585 2023 689 2080 Latinis
700 2039 763 2099 cap.
777 2022 831 2090 ΙΙΙ.
845 2040 912 2101 pag.
927 2041 976 2100 45.

319 2272 519 2434 STATIUS
535 2271 650 2338 Papinius
661 2275 742 2335 Poita,
758 2273 801 2339 qui
814 2276 857 2324 iub
867 2273 1010 2325 Domitiano
1019 2275 1092 2337 uixit,

381 2387 503 2439 perperam
519 2372 674 2422 confunditur
691 2387 748 2422 oum
763 2372 840 2427 Statio
852 2372 931 2432 Poiti,
947 2376 1093 2437 cognomine

318 2472 427 2532 Surculo,
449 2471 492 2536 qui
510 2468 596 2519 claruit
613 2472 655 2519 sub
672 2473 776 2521 Nerone.
807 2472 844 2519 De
858 2471 963 2519 Rhetore
980 2471 1035 2521 funt
1049 2471 1092 2521 illa

317 2568 459 2632 Hieronymi
470 2569 496 2617 in
506 2568 626 2617 Chronico
637 2569 783 2617 Eusebianor
801 2570 899 2632 olymp.
909 2571 996 2618 CCIX.
1011 2584 1050 2619 an.
1069 2587 1092 2624 ι.

318 2666 363 2733 (eii
373 2665 395 2714 is
404 2665 508 2715 Neronia
518 2664 644 2725 sccundus)
656 2664 739 2715 Statius
747 2664 850 2713 Surralas
860 2663 969 2730 Toloserfir
979 2668 1001 2713 r'n
1012 2666 1093 2716 Galliis

316 2758 443 2810 celebrrrini
454 2760 587 2807 Rhetorican
597 2756 661 2808 docet.
681 2757 740 2820 Ejus
751 2771 839 2807 nomen
847 2772 929 2806 verum
940 2771 971 2805 ex
981 2760 1092 2809 Suetonii

314 2860 397 2909 libello
418 2860 449 2909 de
463 2858 539 2908 Clario
558 2857 704 2909 Rhetoribus
719 2858 830 2922 superest,
851 2858 893 2907 ubi
909 2873 958 2907 non
974 2860 1091 2909 Surculus

314 2967 424 3020 vocatur,
438 2956 476 3005 led
485 2957 593 3018 Ursulus,
606 2956 644 3005 uti
653 2962 676 3005 ἀ
687 2956 712 3005 in
722 2956 842 3006 Chronico
851 2957 916 3005 MSo
927 2957 957 3003 ad
967 2958 992 3006 S.
1004 2956 1090 3007 Vino-

314 3054 356 3103 rlr.
388 3053 440 3116 Urfi
448 3052 513 3101 enim
524 3058 545 3103 lc
557 3053 631 3120 Ursuli
644 3054 742 3103 latniliae
756 3055 811 3103 suut
825 3052 933 3116 nomina,
950 3063 978 3102 ut
989 3067 1019 3102 ex
1029 3063 1090 3105 vett.

312 3151 506 3219 irucriptionibur
527 3154 626 3208 confiat.
658 3158 694 3205 At
713 3153 828 3218 Papinius
845 3154 919 3206 Po'cta
936 3166 981 3206 nec
1001 3140 1088 3221 Ursoli,

1050 3253 1089 3314 rel
