2700 3900
293 502 328 555 tt
455 502 483 551 Ρ.
522 499 741 549 PAPINII
780 498 984 555 s’rnru
1120 540 1122 581 ¹

259 686 262 693 .
312 663 326 710 7
330 660 343 712 ς
360 643 471 703 Addidit,
487 649 509 692 st
520 643 590 692 solito
601 642 728 692 sublimius
739 657 781 692 on
794 645 897 706 levavit,

358 747 424 809 (Heu
435 744 441 792 !
459 743 545 792 misero
555 744 626 792 letale
637 741 731 803 sarens)
743 742 837 805 seseque
848 744 961 795 videndo

356 845 447 906 Torsit,
463 848 486 891 ὰ
497 842 600 891 invitant
610 852 713 891 mortem
725 843 862 904 complexa,
877 844 978 905 jacenti

358 941 445 1005 injecit
456 957 541 1002 nexus,
558 943 692 1004 carpsitque
703 940 806 989 immitis
818 943 917 991 adunca

360 1042 412 1089 Ore
421 1042 524 1089 terenda
534 1055 619 1088 manu.
635 1038 722 1102 quinta
731 1036 774 1086 rix
785 1038 942 1103 Phosphorus
955 1041 1016 1092 hora

315 1139 347 1188 80
362 1139 496 1186 Rorantem
508 1138 625 1185 sternebat
635 1149 736 1199 equum,
750 1135 803 1198 jam
815 1136 900 1186 littora
912 1140 971 1187 duri

363 1240 439 1297 seva,
455 1239 557 1295 Philete‚
571 1238 641 1297 senis,
656 1237 785 1299 diuumque
795 1236 939 1288 Acheronta
950 1240 1056 1302 videbat,

364 1340 420 1403 Qo
430 1340 524 1389 domini
536 1341 638 1388 clamate
648 1338 706 1384 sono
717 1337 723 1385 !
741 1350 791 1384 non
802 1334 879 1384 secius
890 1348 960 1386 atros

364 1438 482 1500 nigrasset
493 1439 591 1499 planctu
603 1437 707 1498 genitrix
724 1435 768 1484 tibi
779 1436 840 1486 saeva
850 1438 967 1502 lacertos,

364 1537 417 1584 Nec
429 1546 510 1597 pater:
530 1539 552 1581 &-
564 1543 631 1581 certe
642 1534 685 1597 qui
696 1533 758 1583 vidit
768 1534 853 1582 sunere
864 1535 942 1584 stater

320 1635 334 1683 8
339 1649 351 1699 ς
368 1633 471 1681 Erubuit
482 1630 555 1678 vinci.
572 1632 610 1678 sed
621 1646 666 1680 nec
678 1631 767 1679 senua
777 1632 892 1694 adempto

364 1733 430 1797 Ignis
440 1750 448 1781 z
464 1730 596 1780 odoriferos
606 1733 715 1780 exhausit
725 1734 826 1780 flamme
839 1732 940 1781 Sabaeos

364 1831 512 1883 Et'Cilicum
523 1833 614 1890 meme,
631 1830 773 1893 Phariaeque
784 1839 898 1894 exempta
910 1833 1008 1883 volucri

365 1933 494 1995 cinnama,
509 1939 533 1983 la
544 1933 638 1997 Assyrio
649 1940 777 1979 manantes
788 1930 898 1993 gramine
909 1932 1006 1995 suecos,

364 2037 396 2082 Et
406 2034 499 2082 domini
511 2036 598 2081 fletus:
617 2033 660 2080 hos
671 2040 768 2081 tantum
779 2031 876 2079 hausere
886 2030 988 2093 saville,

318 2152 350 2200 90
366 2137 418 2183 Hos
430 2134 491 2181 bibit
503 2135 576 2195 usque
587 2146 666 2194 rogus.
683 2145 728 2179 neo
739 2131 804 2193 quod
816 2129 861 2178 tibi
873 2131 940 2180 Setia
952 2147 1030 2183 canos

368 2233 492 2285 Restinxit
503 2234 601 2292 cineres,
618 2232 711 2295 gremio
722 2246 765 2280 nec
776 2231 884 2279 lubricut
895 2234 946 2280 offa

368 2334 439 2395 Qod
450 2332 548 2381 vallavit
560 2346 633 2393 onyx,
649 2331 740 2378 miseris
752 2329 875 2391 acceptius
886 2330 984 2378 umbrie

370 2433 450 2485 Quam
463 2430 575 2493 gemitus.
592 2429 630 2476 sed
642 2433 663 2474 tu
675 2428 723 2489 ipse
732 2425 809 2487 juvat.
842 2425 906 2481 Quid
918 2434 987 2489 terga
998 2427 1084 2492 dolori,

368 2529 435 2587 Urso,
450 2529 555 2576 damus?
573 2526 633 2589 quid
643 2526 732 2572 damna
743 2524 827 2584 soves3
845 2528 867 2569 δε
879 2524 979 2585 ρεᾶοτο
990 2526 1076 2590 iniquo

322 2641 352 2691 95
370 2627 466 2672 Vulnus
478 2626 563 2670 amas?
581 2622 622 2669 ubi
635 2633 692 2669 notu
705 2620 751 2667 rtis
762 2618 875 2667 secundia
887 2619 986 2681 raptio?

368 2722 432 2788 Qid
444 2736 523 2769 caram
536 2720 628 2768 crucias
640 2730 691 2767 tam
706 2718 760 2765 seris
772 2718 878 2765 ludiibut
892 2717 1029 2768 umbram?

369 2819 480 2867 Eximius
493 2818 548 2865 iicet
561 2817 600 2864 illo
614 2815 700 2876 animi,
719 2815 865 2876 meritusque
875 2814 996 2876 dolorem,

368 2917 470 2966 Solvisti.
486 2917 549 2964 subit
561 2916 601 2963 ille
612 2915 674 2977 pios,
692 2914 818 2976 carpitque
829 2913 938 2976 quietem

366 3017 478 3077 Elysiam,
495 3016 607 3077 carosque
619 3014 668 3061 illic
680 3014 774 3061 fortasse
785 3023 895 3075 parentes

306 3130 351 3164 100
367 3114 480 3161 Invenit:
498 3125 541 3160 aut
552 3114 586 3160 ilii
598 3127 640 3174 per
650 3127 748 3160 amoena
760 3111 852 3159 silentia
862 3111 949 3160 Lethes

368 3213 454 3262 Forsan
465 3212 595 3262 Avernales
606 3213 718 3263 alludunt
729 3212 837 3275 undique
847 3212 933 3263 mixtu
1029 3262 1035 3270 ,

1056 3309 1125 3363 Naidt
