2700 3900
1020 680 1031 699 .,
1060 655 1102 691 tf*-

1040 770 1100 799 Λ·

342 955 1021 1043 ⁵1’.1²nt>rtr11srn'rrt

326 1261 350 1343 s
416 1263 455 1342 Y
499 1216 558 1334 'L
622 1258 662 1341 v
729 1258 767 1336 A
833 1257 872 1334 R
941 1243 1078 1332 uu
1135 1374 1137 1379 Ι

488 1565 645 1624 trualt
687 1561 947 1628 Quaerere.

537 1901 588 1946 An
622 1901 907 1946 Mancutauu.

392 2133 495 2183 NVENI
507 2131 603 2188 librum,
620 2132 734 2179 Marcelle
745 2130 868 2187 earissime,
885 2144 959 2192 quem
970 2124 1052 2192 pietati
1059 2136 1098 2174 tua

336 2130 550 2343 Idedicarem.
589 2230 653 2278 Reor
674 2229 785 2289 equidem
808 2228 877 2275 aliter
898 2243 973 2290 quam
1001 2227 1101 2274 invocato

410 2326 509 2375 numine
520 2324 619 2383 maximi
631 2324 784 2387 Imperatoris
795 2325 890 2371 nullum
900 2325 1042 2385 opusculum
1059 2334 1102 2369 me·

339 2440 382 2473 um
393 2425 496 2488 coepisse.
528 2424 572 2471 Sed
584 2423 622 2471 hic
633 2424 693 2471 liber
713 2432 759 2472 tres
778 2422 856 2470 habet.
889 2423 1003 2484 Sequitur
1019 2432 1104 2484 quarta,

267 2566 270 2578 ,
340 2540 394 2586 quae
406 2525 435 2570 ad
447 2524 561 2571 honorem
573 2532 641 2571 tuum
654 2520 765 2583 pertinet.
795 2520 877 2567 Primo
892 2531 975 2569 autem
986 2520 1106 2583 septImum

339 2620 460 2667 decimum
473 2618 610 2671 Germanici
623 2619 696 2677 nostri
707 2620 855 2666 consulatum
867 2618 973 2679 adorari.
1006 2619 1107 2668 Secundo

338 2714 427 2777 gratias
434 2714 470 2775 egi
481 2714 638 2761 sacratissimis
646 2713 697 2774 ejus
706 2714 790 2776 Epulis
799 2714 937 2783 honoratus.
948 2715 1034 2763 Tertio
1042 2714 1108 2762 Viam

339 2811 505 2872 Domitianam
528 2810 629 2857 miratus
652 2810 712 2869 sum,
740 2824 788 2872 qua
809 2809 970 2871 graviffimem
990 2823 1108 2859 arenarum

341 2927 435 2960 moram
446 2911 552 2960 exemit:
570 2911 638 2971 cujus
649 2912 766 2959 beneficio
777 2921 803 2958 tu
815 2926 912 2974 quoque
928 2913 1049 2961 maturius
1064 2910 1110 2974 epi·

341 3011 427 3064 stolam
439 3024 492 3059 eam
509 3009 619 3071 accipies,
636 3024 711 3071 quam
729 3010 774 3057 tibi
792 3010 819 3056 in
836 3010 882 3057 hoe
898 3010 962 3058 libro
979 3025 995 3058 a
1015 3008 1110 3072 Neapoli

343 3103 427 3152 scribo.
464 3104 603 3152 Proximum
624 3104 658 3150 est
675 3103 788 3165 Lyricum
806 3117 903 3150 carmen
922 3103 952 3156 ad
972 3103 1111 3168 Septimium

339 3200 463 3261 Severum,
487 3198 603 3263 juvenem
624 3198 674 3264 [uti
689 3198 746 3259 (eici
764 3200 825 3262 inter
845 3200 1006 3247 ornatissimos
1025 3197 1114 3247 secundi

1041 3294 1138 3342 offiium,
