2700 3900
293 527 326 592 ‚t
452 527 486 584 n,
524 523 744 575 rarrnrt
784 522 971 578 sua‘rrr

357 670 415 718 Non
424 669 504 719 datur.
519 674 542 718 tc
553 671 570 717 fi
580 681 677 732 egomet
686 669 765 732 patric
776 660 899 722 debuere
909 684 986 735 raptus
1010 708 1012 715 .
1029 680 1040 713 r

357 771 477 839 Qtttuur
486 767 593 816 emeritis
604 781 647 830 per
656 768 728 826 bella,
743 782 786 831 per
796 783 904 832 equora,
919 767 992 818 lullrit
1043 826 1045 833 Α

354 867 473 924 Errantem,
488 874 517 913 tu
527 863 596 912 mille
604 877 690 926 procur
700 863 790 911 inttste
800 864 911 928 sugaret3
931 882 934 886 ·
944 922 947 937 Ι

354 962 412 1008 Non
423 961 559 1009 intersectas
569 970 707 1008 commenta
717 969 822 1009 retexere
832 962 901 1021 telae,

310 1071 340 1106 10
355 1058 401 1105 Serl
412 1060 461 1107 fine
468 1057 552 1107 fraude
562 1058 651 1120 palam
662 1056 827 1119 thalamosque
837 1060 922 1106 orbata
932 1057 1030 1120 negasset.-

354 1160 400 1209 Dic
411 1166 494 1208 tamen
503 1159 569 1207 uude
578 1157 625 1205 alia
636 1156 698 1206 mihi
710 1156 798 1215 sruute,
815 1162 837 1205 ar
848 1159 934 1207 nubila
942 1158 1022 1208 uultui
1045 1194 1048 1199 .

356 1265 429 1309 Arme
438 1259 504 1323 quud
515 1256 637 1306 Euboicos
646 1257 717 1307 salsus
728 1270 833 1305 remeare
842 1268 942 1320 penaten

355 1359 479 1418 Auguror,
495 1357 518 1400 ει
527 1352 605 1415 patria
615 1351 707 1400 scnium
718 1365 863 1414 componere
872 1356 954 1402 terra?

355 1455 407 1501 cur
417 1451 462 1498 hoc
472 1449 539 1497 trisle
548 1449 611 1497 tlbl?
629 1459 693 1496 certe
702 1448 797 1497 lasciuia
807 1448 876 1497 cordi

309 1557 321 1599 t
326 1563 339 1614 5
355 1549 439 1608 Nulla,
454 1557 551 1595 necant
562 1545 640 1608 rapidi
652 1547 760 1595 mulcent
770 1556 795 1594 te
804 1548 888 1608 prelia
898 1547 973 1611 Circi,

354 1650 407 1694 Aut
416 1644 491 1691 intrat
501 1643 578 1691 seusus
589 1645 686 1693 clamosi
697 1645 768 1692 turba
778 1643 864 1693 theatri
874 1663 881 1693 r

353 1747 398 1794 Sed
409 1745 525 1809 probitas,
540 1751 563 1793 ir
574 1745 737 1808 opacaquiec,
754 1744 880 1809 &sordida
890 1759 1013 1808 nunquam

352 1845 459 1893 Gaudia.
488 1846 553 1912 Qus
564 1856 646 1894 autem
655 1843 772 1907 comitem
782 1853 807 1890 te
817 1854 887 1906 rapto
897 1858 940 1906 per
952 1844 1037 1894 uudasl

352 1949 517 2014 Quamquam,
532 1954 554 1995 δι
565 1949 582 1995 sr
593 1945 682 2010 gelidas
693 1944 752 1992 irem
764 1945 890 1993 mansurus
900 1946 931 1993 ad
942 1946 1035 2003 Ardua,

306 2049 339 2097 so
354 2050 401 2096 Vel
412 2049 480 2109 super
491 2046 609 2108 Hesperia
621 2046 681 2093 uada
692 2044 820 2106 caligantia
831 2044 933 2105 Thules,

352 2149 406 2192 Aut
417 2141 596 2204 septemgemini
607 2151 680 2203 capnt
691 2141 753 2187 haud
765 2142 912 2203 penetrabile
923 2141 987 2200 Nili,-

353 2242 482 2287 Hortarere
491 2236 551 2284 vias.
584 2237 680 2283 Etenim
693 2248 744 2295 tua,
761 2240 860 2300 (nempe
870 2237 974 2299 benigna

354 2341 433 2405 Qum
446 2335 506 2383 mihi
519 2337 579 2384 sorte
590 2337 672 2382 Venus
681 2334 791 2396 junslam
803 2336 947 2384 florentibus
958 2336 1025 2384 annis

352 2439 432 2485 Servet
444 2441 465 2483 sc
477 2434 501 2482 in
513 2435 604 2482 senium
613 2433 633 2496 ς)
651 2444 702 2492 tua,
720 2436 786 2496 (quae
797 2448 837 2480 me
848 2436 946 2481 vulnere
957 2435 1036 2497 primu

307 2549 321 2585 2
325 2549 337 2597 5
355 2534 476 2582 lntaclum
487 2532 609 2591 thalamis,
626 2538 648 2579 δι
659 2532 736 2579 adbuc
744 2532 851 2592 juvenile
861 2544 990 2594 vagantem

351 2629 447 2689 Fixisii)
459 2639 501 2676 tua
511 2630 578 2675 srena
589 2630 674 2688 libens,
691 2629 821 2691 docilisque
831 2630 909 2692 recepi
919 2648 926 2692 3

352 2734 383 2780 Et
394 2726 463 2778 semel
475 2729 572 2777 insertas
584 2745 633 2777 non
644 2741 784 2778 mutaturus
797 2731 902 2779 habenas

351 2829 433 2891 Usque
443 2841 536 2890 premo.
568 2828 617 2876 Ter
629 2842 668 2874 me
679 2827 762 2875 nitidis
773 2829 868 2875 Albana
879 2829 997 2879 serentem
1052 2871 1054 2878 .

351 2931 421 2986 Dona
432 2929 518 2990 cornis,
534 2929 663 2989 sanctoque
673 2927 787 2975 indutum
799 2927 898 2976 Caesaris
909 2943 971 2976 auro

306 3043 336 3093 ³0
352 3027 489 3075 Visceribus
500 3027 624 3088 complexa
637 3026 702 3085 tuis;
719 3024 830 3087 sertisque
840 3025 926 3072 dedisti

350 3125 437 3171 Oscula
449 3124 534 3171 anhela
544 3124 612 3173 meir.
644 3125 695 3184 Tu,
712 3138 769 3171 cum
780 3123 902 3186 Capitolia
913 3124 1001 3174 nostrae

344 3222 458 3273 insulare
469 3221 537 3289 lyra,
552 3220 645 3271 sarum
653 3219 827 3282 ingratumque
836 3219 941 3267 tlnlebau

1044 3310 1080 3355 bu
