2700 3900
298 548 318 599 4
423 531 945 584 P.l³al³1u11s‘rll‘r11

300 691 357 728 rum
367 675 453 725 honori
464 676 521 724 data
532 674 598 736 sunt)
614 673 740 731 haber-eus.
773 676 818 723 Sed
839 675 903 738 apud
922 684 1025 724 ceteros
1047 671 1090 726 nei

300 776 361 824 celse
379 774 413 822 est
430 775 537 822 multum
557 773 605 822 illis
623 783 704 836 pereat
722 785 753 820 ex
770 772 850 830 venia,
873 786 931 820 cum
951 772 1089 832 amiserint,

301 885 376 938 quam
397 871 472 919 solam
497 871 642 928 habuerunt,
668 868 772 931 gratiam
798 866 936 917 celeritatis.
981 871 1087 919 Nullum

303 967 370 1019 enirn
381 982 412 1017 ex
423 967 472 1016 illis
483 966 559 1016 biduo
570 965 667 1029 longius
679 966 799 1014 tracium:
818 965 931 1028 quadam
948 970 970 1013 le
989 968 1091 1030 fingulis

303 1068 389 1116 diebus
409 1067 491 1115 effusa.
524 1065 640 1131 Quamvis
659 1076 742 1115 mco
760 1078 790 1111 ne
809 1079 893 1112 verum
914 1064 986 1126 istuc,
1010 1049 1092 1116 versuo

305 1177 404 1229 quoque
415 1164 457 1227 ipsi
470 1164 498 1212 de
510 1164 532 1211 se
549 1164 659 1226 probent.
692 1160 788 1210 Primus
800 1162 896 1210 libellus
907 1164 1092 1212 Sacrosanfium

303 1261 378 1319 habet
388 1261 480 1311 testem.
512 1262 663 1313 Sumendum
673 1259 740 1308 enim
755 1271 806 1308 erat
821 1258 833 1307 i
850 1262 910 1325 Jove
929 1261 1092 1326 principium.

305 1342 429 1415 Caeterurn
439 1365 582 1424 borrellus,
598 1380 660 1428 quos
672 1364 698 1413 in
709 1367 807 1428 Equum
818 1365 961 1413 Maximum
978 1366 1036 1426 leci,
1052 1367 1092 1414 in-

305 1466 485 1530 dulgentiffimo
501 1466 643 1528 Imperatori
662 1466 756 1529 postero
776 1466 824 1524 die,
841 1480 916 1530 quam
938 1467 1092 1517 dedicaverat

306 1579 379 1629 opos,
389 1563 565 1626 traderejuisus
576 1563 637 1614 sum.
669 1564 771 1615 Potuisti
783 1564 843 1617 illud
856 1564 930 1627 (dicet
950 1564 1052 1627 aliquis)
1068 1572 1092 1615 oa
1112 1575 1114 1579 '

306 1669 364 1715 ante
381 1657 472 1706 vidisse.
512 1657 675 1719 Respondebis
693 1657 729 1705 illi
748 1668 785 1716 tu,
808 1658 881 1705 Stella
899 1657 1026 1718 carissime,
1047 1660 1091 1721 qui

306 1755 489 1821 Epithalamion
508 1767 589 1815 tuum,
613 1757 679 1819 quod
704 1736 764 1804 mihi
785 1755 932 1818 injunxeras,
956 1756 1001 1804 leis
1019 1757 1097 1805 biduo

307 1850 432 1914 scriptum.
448 1851 570 1900 Audacler
581 1849 725 1907 mehercule,
739 1850 777 1896 sed
788 1859 871 1896 tamen
885 1864 1024 1896 cccxxvii
1036 1849 1096 1897 hex-

308 1963 414 2006 ametros
433 1953 513 2002 habet.
551 1954 582 2000 Et
603 1950 699 1999 fortaile
719 1961 746 1997 tu
768 1964 813 2011 pro
836 1948 928 2009 collega
948 1947 1096 1998 mentieris?

309 2046 420 2096 Manlius
431 2055 494 2093 certe
504 2044 624 2107 Vopiscus
634 2043 672 2091 vir
682 2041 863 2103 eruditiisrmus,
882 2046 903 2088 oe
915 2039 958 2103 qui
974 2042 1098 2105 praecipue

310 2140 443 2195 vindicati
454 2137 498 2189 litu
509 2142 589 2189 literas
598 2140 650 2201 jam
661 2153 730 2203 paene
740 2139 869 2200 fugientes,
886 2138 944 2185 solet
957 2137 1022 2184 ultro
1033 2154 1098 2201 quo-

311 2262 361 2313 que
370 2246 471 2297 nomine
481 2257 536 2293 meo
547 2241 652 2305 gloriari,
669 2246 692 2288 ει
702 2240 785 2288 villam
796 2237 955 2286 Tiburtinam
966 2236 1035 2284 suam
1055 2239 1099 2286 ‹le-

311 2349 423 2413 icriptam
434 2346 447 2396 i
458 2345 528 2394 nobis
539 2357 589 2392 uno
600 2342 646 2392 die.
680 2340 793 2404 Sequitur
811 2339 907 2388 libellus
922 2336 1019 2385 Rutilio
1037 2339 1100 2387 Gal-

311 2448 361 2507 lico
372 2418 469 2496 valenti
481 2443 612 2493 dedicatus.
645 2442 682 2488 De
693 2453 743 2503 quo
754 2437 815 2486 nihil
827 2435 891 2494 dico,
908 2448 939 2483 ne
958 2433 1042 2482 videar
1057 2437 1101 2483 de.

312 2547 392 2601 {unul
412 2546 478 2595 tellis
495 2545 618 2593 occailoue
637 2539 746 2589 mentiri.
785 2540 851 2586 Nam
868 2536 966 2586 Claudii
986 2537 1101 2586 Hetrusci

241 2644 243 2649 ’
313 2643 482 2697 testimonium
493 2640 536 2703 est,
553 2638 596 2704 qui
607 2633 771 2685 balneolum-i
781 2648 821 2684 me
838 2635 908 2682 suum
923 2634 988 2682 intra
1003 2646 1103 2683 moram

315 2757 391 2796 coenae
403 2740 500 2805 recepit.
532 2741 561 2788 ln
572 2740 621 2786 line
635 2738 691 2785 sunt
708 2735 821 2784 calendae
838 2733 991 2790 Decembres,
1008 2731 1102 2794 quibus

314 2842 400 2906 ulique
410 2813 523 2891 creriitur.
554 2836 658 2884 Nossem
669 2832 735 2882 enim
747 2832 814 2881 illam
826 2829 988 2879 feliclffimam
1000 2827 1103 2889 habent,

315 2930 515 3008 &voluptatibus
526 2925 631 3003 publicis
642 2924 802 2989 inexpertam.

849 3271 872 3337 1.
907 3270 1103 3349 nouus
