2700 3900
299 629 303 642 ι
396 557 912 614 sYLvARUMLIB.11.·'
1025 578 1057 632 μ

270 701 327 752 Nec
338 701 429 752 mixtus
441 686 534 752 Phariis
544 701 635 752 venalis
646 704 768 754 mercibus
777 706 867 768 infans,

270 803 471 866 Compofitosqu'e
480 778 547 861 sales,
563 801 727 865 meditataque
737 807 809 852 verba
819 807 917 858 locutus

218 914 235 968 7
240 916 255 967 ς
274 901 382 961 Quaefisti
394 901 494 948 lascivus
505 880 599 960 herum,
615 902 730 966 tardeque
740 903 846 966 parastis

270 1001 339 1051 Hinc
349 1002 446 1061 domus,
462 1001 519 1053 hinc
529 1011 614 1064 ortum
631 1001 774 1065 dominique
783 1002 911 1066 penatibus
923 1003 986 1057 olim

269 1099 349 1146 Carus
360 1108 462 1160 uterque
471 1113 566 1161 parens,
582 1109 655 1161 atque
665 1100 692 1147 in
702 1110 745 1147 tua
756 1099 845 1161 gaudia
854 1100 926 1163 liber,
998 1130 1001 1135 ·

270 1195 311 1242 Ne
321 1205 445 1256 quemue
454 1207 539 1256 genus.
554 1203 651 1258 raptum
663 1202 688 1242 te
697 1195 811 1256 protinus
822 1198 878 1247 aluo

270 1290 373 1339 Sustulit
384 1291 504 1353 exultans,
521 1305 549 1339 ac
559 1291 639 1354 primu
649 1291 731 1340 lucida
738 1305 798 1340 voce

218 1391 254 1440 80
272 1389 344 1438 Astra
354 1389 497 1438 salutantem
508 1389 621 1441 dominus
632 1390 675 1439 fibi
686 1400 768 1439 mente
777 1389 877 1452 dicavit,

270 1488 453 1551 Amplexusque
463 1489 513 1536 finu
526 1489 592 1548 tulit,
608 1494 630 1536 tc
641 1463 746 1552 genuisse
755 1491 861 1552 putavit.

271 1584 318 1630 Pas
329 1581 390 1631 mihi
400 1583 536 1632 sanctorum
546 1584 615 1632 venia
624 1585 708 1634 dixisse
717 1597 855 1648 parentum,

270 1682 362 1742 Tuque
372 1695 424 1740 oro,
440 1682 541 1738 Natura,
558 1682 628 1739 sinae,
644 1681 684 1729 cui
696 1681 775 1745 prima
786 1697 828 1746 per
839 1685 923 1734 orbem

269 1783 331 1846 Jura
341 1781 429 1829 animis
439 1781 527 1828 sociare
537 1782 638 1842 datumq
656 1796 706 1828 non
716 1783 800 1830 omnia
810 1785 905 1848 sanguis

220 1878 235 1926 8
239 1890 253 1940 ς
271 1877 410 1938 Proximus,
428 1887 470 1925 aut
478 1876 538 1924 ,serie
548 1876 640 1940 generis
651 1878 748 1926 demilla
759 1893 876 1941 propago,

269 1978 378 2039 Alligat:
397 1977 497 2026 interius
509 1990 571 2025 nova
581 1977 651 2041 saepe,
666 1978 804 2041 adscitaque
814 1980 913 2044 serpunt

269 2078 375 2139 Pignora
386 2075 508 2125 connexis.
525 2085 595 2123 natos
606 2075 710 2139 genuillc
721 2078 810 2123 necesse
817 2078 860 2138 est,

268 2179 305 2224 At
316 2176 394 2237 legille
402 2174 480 2237 juvat.
497 2186 579 2222 tenero
590 2176 622 2223 fic
633 2173 736 2223 blandus
747 2175 838 2223 Achilli

268 2272 371 2320 Semifer
381 2272 530 2319 AEmonium
541 2271 653 2320 vincebat
663 2272 732 2320 Pelea
743 2272 843 2324 Chiron.

219 2388 252 2437 90
269 2375 323 2421 Nec
333 2374 428 2435 genitor
438 2374 522 2421 Peleus
534 2383 621 2423 natum
631 2369 763 2419 comitatus
775 2371 801 2418 in
812 2386 881 2428 arma

267 2473 368 2533 Troica,
385 2474 422 2522 sed
434 2488 491 2522 caro
502 2473 605 2523 Phoenix
616 2473 722 2522 haerebat
732 2473 841 2524 alumno.

267 2572 378 2633 optabat
388 2573 459 2634 longe
468 2572 558 2619 reditus
569 2570 686 2618 Pallantis
696 2580 795 2619 ovantes

267 2671 386 2730 Evander,
402 2672 466 2720 fidus
480 2686 575 2736 pugnas
586 2670 706 2734 spectabat
717 2674 826 2724 Acoetes.

267 2771 381 2832 Cumque
390 2771 476 2832 procul
487 2769 570 2818 nitidis
581 2769 676 2830 genitor
685 2770 782 2817 cellarct
792 2769 823 2817 ab
833 2768 912 2833 astris,

218 2881 234 2930 9
237 2879 251 2932 ς
267 2865 422 2929 Plutiivagus
433 2868 556 2914 volucrem
567 2867 679 2913 comebat
689 2867 770 2914 Persea
780 2868 874 2930 Dielys.

266 2966 331 3028 Quid
342 2967 442 3015 referam
453 2965 566 3015 altricum
577 2965 653 3013 victos
664 2965 754 3027 pietate
763 2969 894 3028 parentes?

265 3064 330 3133 Qid
342 3075 365 3113 te
376 3066 428 3129 post
439 3066 538 3124 cineres,
554 3064 701 3128 deceptaque
710 3064 795 3120 lunera
805 3066 892 3118 mattis

263 3162 356 3212 Tutius
367 3166 427 3213 ineo
437 3172 571 3227 reptantem
583 3163 687 3225 petione,
702 3162 815 3211 Bacche?
911 3219 913 3226 Ι

263 3262 320 3327 Jam
332 3263 413 3315 secura
425 3278 511 3329 parens
519 3262 621 3313 Thulcls
632 3262 748 3326 regnabat
758 3258 784 3310 in
795 3261 868 3312 undis

231 3360 303 3413 Vos..
318 3362 340 3413 1.
594 3371 620 3419 G
955 3363 1084 3425 noxus,
