<?xml version="1.0" encoding="UTF-8"?>
<!DOCTYPE html PUBLIC "-//W3C//DTD XHTML 1.0 Transitional//EN"
    "http://www.w3.org/TR/xhtml1/DTD/xhtml1-transitional.dtd">
<html xmlns="http://www.w3.org/1999/xhtml" xml:lang="en" lang="en">
 <head>
  <title>
</title>
<meta http-equiv="Content-Type" content="text/html;charset=utf-8" />
  <meta name='ocr-system' content='tesseract 3.04.00' />
  <meta name='ocr-capabilities' content='ocr_page ocr_carea ocr_par ocr_line ocrx_word'/>
</head>
<body>
  <div class='ocr_page' id='page_1' title='image "./publiipapiniist00statgoog_0011.png"; bbox 0 0 2700 3900; ppageno 0'>
   <div class='ocr_carea' id='block_1_1' title="bbox 453 511 1037 580">
    <p class='ocr_par' dir='ltr' id='par_1_1' title="bbox 453 511 1037 580">
     <span class='ocr_line' id='line_1_1' title="bbox 453 511 1037 580; baseline -0.012 -12"><span class='ocrx_word' id='word_1_1' title='bbox 453 511 850 568; x_wconf 69' lang='lat' dir='ltr'>P.PAP1N11v1TA;</span> <span class='ocrx_word' id='word_1_2' title='bbox 1022 528 1037 580; x_wconf 82' lang='grc' dir='ltr'>ς</span> 
     </span>
    </p>
   </div>
   <div class='ocr_carea' id='block_1_2' title="bbox 258 654 1034 814">
    <p class='ocr_par' dir='ltr' id='par_1_2' title="bbox 258 654 1034 814">
     <span class='ocr_line' id='line_1_2' title="bbox 258 654 1034 729; baseline -0.006 -16"><span class='ocrx_word' id='word_1_3' title='bbox 258 663 420 729; x_wconf 80' lang='lat' dir='ltr'>prosequitur,</span> <span class='ocrx_word' id='word_1_4' title='bbox 445 673 494 708; x_wconf 94' lang='lat' dir='ltr'>non</span> <span class='ocrx_word' id='word_1_5' title='bbox 512 658 583 707; x_wconf 79' lang='lat' dir='ltr'>modb</span> <span class='ocrx_word' id='word_1_6' title='bbox 603 657 629 705; x_wconf 90' lang='lat' dir='ltr'>in</span> <span class='ocrx_word' id='word_1_7' title='bbox 648 656 768 720; x_wconf 83' lang='lat' dir='ltr'>Epistolis,</span> <span class='ocrx_word' id='word_1_8' title='bbox 791 655 873 704; x_wconf 87' lang='lat' dir='ltr'>sedin</span> <span class='ocrx_word' id='word_1_9' title='bbox 893 654 941 705; x_wconf 85' lang='lat' dir='ltr'>suis</span> <span class='ocrx_word' id='word_1_10' title='bbox 961 656 1034 708; x_wconf 85' lang='lat' dir='ltr'>etiam</span> 
     </span>
     <span class='ocr_line' id='line_1_3' title="bbox 262 750 482 814; baseline -0.032 -10"><span class='ocrx_word' id='word_1_11' title='bbox 262 750 482 814; x_wconf 85' lang='lat' dir='ltr'>Hendccasyllabis,</span> 
     </span>
    </p>
   </div>
   <div class='ocr_carea' id='block_1_3' title="bbox 358 874 807 1240">
    <p class='ocr_par' dir='ltr' id='par_1_3' title="bbox 362 874 765 1039">
     <span class='ocr_line' id='line_1_4' title="bbox 362 874 765 944; baseline -0.022 -15"><span class='ocrx_word' id='word_1_12' title='bbox 362 882 413 929; x_wconf 80' lang='lat' dir='ltr'>Non</span> <span class='ocrx_word' id='word_1_13' title='bbox 424 877 480 944; x_wconf 81' lang='lat' dir='ltr'>quo&#39;d</span> <span class='ocrx_word' id='word_1_14' title='bbox 490 877 593 941; x_wconf 78' lang='lat' dir='ltr'>Papinius</span> <span class='ocrx_word' id='word_1_15' title='bbox 605 888 653 923; x_wconf 75' lang='lat' dir='ltr'>trus</span> <span class='ocrx_word' id='word_1_16' title='bbox 664 874 765 939; x_wconf 77' lang='lat' dir='ltr'>metisque,</span> 
     </span>
     <span class='ocr_line' id='line_1_5' title="bbox 362 974 728 1039; baseline -0.016 -13"><span class='ocrx_word' id='word_1_17' title='bbox 362 979 421 1026; x_wconf 81' lang='lat' dir='ltr'>Inter</span> <span class='ocrx_word' id='word_1_18' title='bbox 431 975 548 1023; x_wconf 83' lang='lat' dir='ltr'>Labdar&#39;cot</span> <span class='ocrx_word' id='word_1_19' title='bbox 553 975 617 1039; x_wconf 71' lang='lat' dir='ltr'>sonat</span> <span class='ocrx_word' id='word_1_20' title='bbox 623 974 728 1038; x_wconf 81' lang='lat' dir='ltr'>surorerr</span> 
     </span>
    </p>

    <p class='ocr_par' dir='ltr' id='par_1_4' title="bbox 358 1073 807 1240">
     <span class='ocr_line' id='line_1_6' title="bbox 364 1073 807 1140; baseline -0.014 -14"><span class='ocrx_word' id='word_1_21' title='bbox 364 1078 413 1127; x_wconf 85' lang='lat' dir='ltr'>Aut</span> <span class='ocrx_word' id='word_1_22' title='bbox 424 1078 467 1125; x_wconf 76' lang='lat' dir='ltr'>crim</span> <span class='ocrx_word' id='word_1_23' title='bbox 469 1075 536 1140; x_wconf 82' lang='lat' dir='ltr'>forte&#39;</span> <span class='ocrx_word' id='word_1_24' title='bbox 539 1073 615 1139; x_wconf 82' lang='lat' dir='ltr'>pedum</span> <span class='ocrx_word' id='word_1_25' title='bbox 626 1077 701 1121; x_wconf 81' lang='lat' dir='ltr'>minore</span> <span class='ocrx_word' id='word_1_26' title='bbox 711 1075 807 1138; x_wconf 77' lang='lat' dir='ltr'>rhythmo</span> 
     </span>
     <span class='ocr_line' id='line_1_7' title="bbox 358 1170 758 1240; baseline -0.005 -17"><span class='ocrx_word' id='word_1_27' title='bbox 358 1175 432 1240; x_wconf 83' lang='lat' dir='ltr'><em>Pingit</em></span> <span class='ocrx_word' id='word_1_28' title='bbox 440 1190 531 1240; x_wconf 83' lang='lat' dir='ltr'>gemmea</span> <span class='ocrx_word' id='word_1_29' title='bbox 538 1184 606 1237; x_wconf 81' lang='lat' dir='ltr'>prata</span> <span class='ocrx_word' id='word_1_30' title='bbox 612 1170 758 1236; x_wconf 58' lang='lat' dir='ltr'>sylvulam.</span> 
     </span>
    </p>
   </div>
   <div class='ocr_carea' id='block_1_4' title="bbox 264 1303 1039 3117">
    <p class='ocr_par' dir='ltr' id='par_1_5' title="bbox 264 1303 1039 3117">
     <span class='ocr_line' id='line_1_8' title="bbox 293 1303 1037 1369; baseline 0 -11"><span class='ocrx_word' id='word_1_31' title='bbox 293 1303 1037 1369; x_wconf 65' lang='lat' dir='ltr'>lntercnterosanricuspraecipuicoluitAttediumMeliorem,</span> 
     </span>
     <span class='ocr_line' id='line_1_9' title="bbox 264 1403 1035 1467; baseline 0 -11"><span class='ocrx_word' id='word_1_32' title='bbox 264 1408 380 1464; x_wconf 87' lang='lat' dir='ltr'>Poliinm,</span> <span class='ocrx_word' id='word_1_33' title='bbox 397 1405 548 1467; x_wconf 84' lang='lat' dir='ltr'>Septimium,</span> <span class='ocrx_word' id='word_1_34' title='bbox 565 1405 671 1461; x_wconf 85' lang='lat' dir='ltr'>Stellam,</span> <span class='ocrx_word' id='word_1_35' title='bbox 687 1403 839 1463; x_wconf 81' lang='lat' dir='ltr'>Patauinum,</span> <span class='ocrx_word' id='word_1_36' title='bbox 854 1410 877 1453; x_wconf 74' lang='lat' dir='ltr'>dc</span> <span class='ocrx_word' id='word_1_37' title='bbox 893 1403 1035 1456; x_wconf 79' lang='lat' dir='ltr'>Marcellum</span> 
     </span>
     <span class='ocr_line' id='line_1_10' title="bbox 264 1499 1037 1565; baseline 0.001 -13"><span class='ocrx_word' id='word_1_38' title='bbox 264 1503 419 1553; x_wconf 68' lang='lat' dir='ltr'>victorium:</span> <span class='ocrx_word' id='word_1_39' title='bbox 437 1503 466 1550; x_wconf 85' lang='lat' dir='ltr'>ad</span> <span class='ocrx_word' id='word_1_40' title='bbox 478 1515 550 1563; x_wconf 90' lang='lat' dir='ltr'>quern</span> <span class='ocrx_word' id='word_1_41' title='bbox 561 1501 648 1547; x_wconf 82' lang='lat' dir='ltr'><strong>Fabius</strong></span> <span class='ocrx_word' id='word_1_42' title='bbox 658 1499 821 1565; x_wconf 67' lang='lat' dir='ltr'>Quintilianus</span> <span class='ocrx_word' id='word_1_43' title='bbox 831 1501 904 1550; x_wconf 90' lang='lat' dir='ltr'>libros</span> <span class='ocrx_word' id='word_1_44' title='bbox 911 1503 964 1551; x_wconf 89' lang='lat' dir='ltr'>suos</span> <span class='ocrx_word' id='word_1_45' title='bbox 973 1504 1037 1553; x_wconf 83' lang='lat' dir='ltr'>misit</span> 
     </span>
     <span class='ocr_line' id='line_1_11' title="bbox 265 1597 1036 1650; baseline 0 0"><span class='ocrx_word' id='word_1_46' title='bbox 265 1603 296 1650; x_wconf 90' lang='lat' dir='ltr'>de</span> <span class='ocrx_word' id='word_1_47' title='bbox 306 1599 408 1648; x_wconf 68' lang='lat' dir='ltr'>oratoris</span> <span class='ocrx_word' id='word_1_48' title='bbox 419 1598 575 1647; x_wconf 88' lang='lat' dir='ltr'>institutione.</span> <span class='ocrx_word' id='word_1_49' title='bbox 606 1598 684 1646; x_wconf 80' lang='lat' dir='ltr'>Caesnr</span> <span class='ocrx_word' id='word_1_50' title='bbox 695 1597 847 1647; x_wconf 85' lang='lat' dir='ltr'>Domitianus</span> <span class='ocrx_word' id='word_1_51' title='bbox 857 1610 953 1649; x_wconf 85' lang='lat' dir='ltr'>tantum</span> <span class='ocrx_word' id='word_1_52' title='bbox 964 1601 1036 1650; x_wconf 84' lang='lat' dir='ltr'>studii</span> 
     </span>
     <span class='ocr_line' id='line_1_12' title="bbox 266 1678 1038 1762; baseline 0.004 -14"><span class='ocrx_word' id='word_1_53' title='bbox 266 1712 342 1762; x_wconf 86' lang='lat' dir='ltr'>atque</span> <span class='ocrx_word' id='word_1_54' title='bbox 357 1697 493 1747; x_wconf 86' lang='lat' dir='ltr'>officiorum</span> <span class='ocrx_word' id='word_1_55' title='bbox 512 1695 679 1745; x_wconf 85' lang='lat' dir='ltr'>demonstravit</span> <span class='ocrx_word' id='word_1_56' title='bbox 698 1710 751 1757; x_wconf 82' lang='lat' dir='ltr'>erga</span> <span class='ocrx_word' id='word_1_57' title='bbox 768 1678 993 1760; x_wconf 55' lang='lat' dir='ltr'>pottam&#39;statium,</span> <span class='ocrx_word' id='word_1_58' title='bbox 1009 1711 1038 1751; x_wconf 87' lang='lat' dir='ltr'>ut</span> 
     </span>
     <span class='ocr_line' id='line_1_13' title="bbox 266 1793 1036 1861; baseline 0.001 -14"><span class='ocrx_word' id='word_1_59' title='bbox 266 1813 323 1847; x_wconf 90' lang='lat' dir='ltr'>eum</span> <span class='ocrx_word' id='word_1_60' title='bbox 334 1797 478 1861; x_wconf 80' lang='lat' dir='ltr'>quandoque</span> <span class='ocrx_word' id='word_1_61' title='bbox 488 1795 610 1858; x_wconf 79' lang='lat' dir='ltr'>susceperit</span> <span class='ocrx_word' id='word_1_62' title='bbox 623 1793 753 1856; x_wconf 84' lang='lat' dir='ltr'>magnifico</span> <span class='ocrx_word' id='word_1_63' title='bbox 769 1805 841 1856; x_wconf 85' lang='lat' dir='ltr'>atque</span> <span class='ocrx_word' id='word_1_64' title='bbox 860 1796 1036 1858; x_wconf 78' lang='lat' dir='ltr'>apparatiffrmo</span> 
     </span>
     <span class='ocr_line' id='line_1_14' title="bbox 268 1888 1036 1957; baseline 0.001 -14"><span class='ocrx_word' id='word_1_65' title='bbox 268 1893 389 1943; x_wconf 81' lang='lat' dir='ltr'>convivio.</span> <span class='ocrx_word' id='word_1_66' title='bbox 420 1894 457 1940; x_wconf 89' lang='lat' dir='ltr'>De</span> <span class='ocrx_word' id='word_1_67' title='bbox 467 1904 517 1954; x_wconf 93' lang='lat' dir='ltr'>quo</span> <span class='ocrx_word' id='word_1_68' title='bbox 527 1890 640 1953; x_wconf 89' lang='lat' dir='ltr'>scripturn</span> <span class='ocrx_word' id='word_1_69' title='bbox 654 1890 688 1937; x_wconf 88' lang='lat' dir='ltr'>est</span> <span class='ocrx_word' id='word_1_70' title='bbox 705 1903 800 1936; x_wconf 85' lang='lat' dir='ltr'>carmen</span> <span class='ocrx_word' id='word_1_71' title='bbox 818 1888 831 1937; x_wconf 68' lang='lat' dir='ltr'>l</span> <span class='ocrx_word' id='word_1_72' title='bbox 847 1891 931 1953; x_wconf 82' lang='lat' dir='ltr'>Statio,</span> <span class='ocrx_word' id='word_1_73' title='bbox 947 1893 1036 1957; x_wconf 70' lang='lat' dir='ltr'>adjetrr</span> 
     </span>
     <span class='ocr_line' id='line_1_15' title="bbox 267 1985 1037 2050; baseline 0 -9"><span class='ocrx_word' id='word_1_74' title='bbox 267 1988 406 2041; x_wconf 84' lang='lat' dir='ltr'>laudatione</span> <span class='ocrx_word' id='word_1_75' title='bbox 416 1986 540 2050; x_wconf 88' lang='lat' dir='ltr'>principis,</span> <span class='ocrx_word' id='word_1_76' title='bbox 551 2001 624 2048; x_wconf 84' lang='lat' dir='ltr'>quem</span> <span class='ocrx_word' id='word_1_77' title='bbox 635 1985 862 2048; x_wconf 72' lang='lat' dir='ltr'>indulgentissimum</span> <span class='ocrx_word' id='word_1_78' title='bbox 873 2000 949 2038; x_wconf 82' lang='lat' dir='ltr'>vocat.</span> <span class='ocrx_word' id='word_1_79' title='bbox 970 1992 1037 2041; x_wconf 84' lang='lat' dir='ltr'>ldem</span> 
     </span>
     <span class='ocr_line' id='line_1_16' title="bbox 266 2081 1038 2144; baseline 0.003 -9"><span class='ocrx_word' id='word_1_80' title='bbox 266 2085 423 2135; x_wconf 85' lang='lat' dir='ltr'>Domitianus</span> <span class='ocrx_word' id='word_1_81' title='bbox 434 2083 532 2131; x_wconf 80' lang='lat' dir='ltr'>donavit</span> <span class='ocrx_word' id='word_1_82' title='bbox 542 2097 598 2130; x_wconf 85' lang='lat' dir='ltr'>eum</span> <span class='ocrx_word' id='word_1_83' title='bbox 608 2081 693 2144; x_wconf 76' lang='lat' dir='ltr'>insigni</span> <span class='ocrx_word' id='word_1_84' title='bbox 710 2081 804 2142; x_wconf 71' lang='lat' dir='ltr'>euroni,</span> <span class='ocrx_word' id='word_1_85' title='bbox 820 2088 842 2131; x_wconf 71' lang='grc' dir='ltr'>δι</span> <span class='ocrx_word' id='word_1_86' title='bbox 860 2083 913 2133; x_wconf 88' lang='lat' dir='ltr'>aliis</span> <span class='ocrx_word' id='word_1_87' title='bbox 932 2088 1038 2137; x_wconf 85' lang='lat' dir='ltr'>muneri-</span> 
     </span>
     <span class='ocr_line' id='line_1_17' title="bbox 268 2178 1037 2244; baseline 0.003 -12"><span class='ocrx_word' id='word_1_88' title='bbox 268 2186 314 2232; x_wconf 88' lang='lat' dir='ltr'>bus</span> <span class='ocrx_word' id='word_1_89' title='bbox 326 2191 398 2244; x_wconf 85' lang='lat' dir='ltr'>atque</span> <span class='ocrx_word' id='word_1_90' title='bbox 408 2178 564 2241; x_wconf 78' lang='lat' dir='ltr'>dignitatibus</span> <span class='ocrx_word' id='word_1_91' title='bbox 573 2178 712 2227; x_wconf 85' lang='lat' dir='ltr'>honestavit.</span> <span class='ocrx_word' id='word_1_92' title='bbox 743 2179 831 2229; x_wconf 79' lang='lat' dir='ltr'>Filium</span> <span class='ocrx_word' id='word_1_93' title='bbox 843 2183 929 2243; x_wconf 83' lang='lat' dir='ltr'>amisit,</span> <span class='ocrx_word' id='word_1_94' title='bbox 945 2184 999 2233; x_wconf 79' lang='lat' dir='ltr'>clm</span> <span class='ocrx_word' id='word_1_95' title='bbox 1010 2183 1037 2235; x_wconf 84' lang='lat' dir='ltr'>in</span> 
     </span>
     <span class='ocr_line' id='line_1_18' title="bbox 270 2277 1039 2347; baseline 0.003 -18"><span class='ocrx_word' id='word_1_96' title='bbox 270 2278 350 2331; x_wconf 70' lang='lat' dir='ltr'>teneri</span> <span class='ocrx_word' id='word_1_97' title='bbox 360 2290 430 2329; x_wconf 82' lang='lat' dir='ltr'>aetate</span> <span class='ocrx_word' id='word_1_98' title='bbox 440 2281 511 2327; x_wconf 78' lang='lat' dir='ltr'>esset:</span> <span class='ocrx_word' id='word_1_99' title='bbox 530 2277 598 2338; x_wconf 83' lang='lat' dir='ltr'>cujus</span> <span class='ocrx_word' id='word_1_100' title='bbox 609 2277 720 2324; x_wconf 88' lang='lat' dir='ltr'>acerbum</span> <span class='ocrx_word' id='word_1_101' title='bbox 732 2277 855 2327; x_wconf 84' lang='lat' dir='ltr'>interitum</span> <span class='ocrx_word' id='word_1_102' title='bbox 866 2281 962 2330; x_wconf 80' lang='lat' dir='ltr'>deflevit</span> <span class='ocrx_word' id='word_1_103' title='bbox 971 2295 1039 2347; x_wconf 82' lang='lat' dir='ltr'>pater</span> 
     </span>
     <span class='ocr_line' id='line_1_19' title="bbox 269 2371 1037 2437; baseline 0.003 -12"><span class='ocrx_word' id='word_1_104' title='bbox 269 2375 451 2426; x_wconf 75' lang='lat' dir='ltr'>modestissimus</span> <span class='ocrx_word' id='word_1_105' title='bbox 461 2372 563 2435; x_wconf 83' lang='lat' dir='ltr'>longiori</span> <span class='ocrx_word' id='word_1_106' title='bbox 574 2371 695 2419; x_wconf 78' lang='lat' dir='ltr'>carminer</span> <span class='ocrx_word' id='word_1_107' title='bbox 714 2383 740 2420; x_wconf 91' lang='lat' dir='ltr'>ut</span> <span class='ocrx_word' id='word_1_108' title='bbox 759 2372 859 2421; x_wconf 85' lang='lat' dir='ltr'>habetur</span> <span class='ocrx_word' id='word_1_109' title='bbox 876 2388 905 2422; x_wconf 91' lang='lat' dir='ltr'>eo</span> <span class='ocrx_word' id='word_1_110' title='bbox 919 2377 1037 2437; x_wconf 77' lang='lat' dir='ltr'>sylvarum</span> 
     </span>
     <span class='ocr_line' id='line_1_20' title="bbox 268 2470 1039 2541; baseline -0.001 -16"><span class='ocrx_word' id='word_1_111' title='bbox 268 2478 340 2534; x_wconf 90' lang='lat' dir='ltr'>libro,</span> <span class='ocrx_word' id='word_1_112' title='bbox 355 2487 428 2537; x_wconf 87' lang='lat' dir='ltr'>quem</span> <span class='ocrx_word' id='word_1_113' title='bbox 439 2470 583 2520; x_wconf 84' lang='lat' dir='ltr'>Abascantio</span> <span class='ocrx_word' id='word_1_114' title='bbox 600 2470 670 2520; x_wconf 86' lang='lat' dir='ltr'>misrt.</span> <span class='ocrx_word' id='word_1_115' title='bbox 702 2471 805 2520; x_wconf 68' lang='lat' dir='ltr'>Minimi</span> <span class='ocrx_word' id='word_1_116' title='bbox 823 2473 924 2522; x_wconf 89' lang='lat' dir='ltr'>dubium</span> <span class='ocrx_word' id='word_1_117' title='bbox 938 2476 980 2537; x_wconf 81' lang='lat' dir='ltr'>ess,</span> <span class='ocrx_word' id='word_1_118' title='bbox 996 2491 1039 2541; x_wconf 79' lang='lat' dir='ltr'>pe-</span> 
     </span>
     <span class='ocr_line' id='line_1_21' title="bbox 269 2563 1038 2632; baseline 0.001 -12"><span class='ocrx_word' id='word_1_119' title='bbox 269 2571 331 2620; x_wconf 89' lang='lat' dir='ltr'>riisse</span> <span class='ocrx_word' id='word_1_120' title='bbox 341 2568 444 2620; x_wconf 82' lang='lat' dir='ltr'>Statium</span> <span class='ocrx_word' id='word_1_121' title='bbox 455 2566 564 2632; x_wconf 71' lang='lat' dir='ltr'>provesti</span> <span class='ocrx_word' id='word_1_122' title='bbox 575 2563 652 2626; x_wconf 77' lang='lat' dir='ltr'>atate,</span> <span class='ocrx_word' id='word_1_123' title='bbox 663 2578 691 2615; x_wconf 93' lang='lat' dir='ltr'>ut</span> <span class='ocrx_word' id='word_1_124' title='bbox 702 2569 862 2618; x_wconf 88' lang='lat' dir='ltr'>Grammatici</span> <span class='ocrx_word' id='word_1_125' title='bbox 870 2570 941 2619; x_wconf 79' lang='lat' dir='ltr'>nostri</span> <span class='ocrx_word' id='word_1_126' title='bbox 950 2574 1038 2621; x_wconf 68' lang='lat' dir='ltr'>testana</span> 
     </span>
     <span class='ocr_line' id='line_1_22' title="bbox 268 2664 1037 2729; baseline 0 -11"><span class='ocrx_word' id='word_1_127' title='bbox 268 2679 317 2718; x_wconf 89' lang='lat' dir='ltr'>tur.</span> <span class='ocrx_word' id='word_1_128' title='bbox 346 2670 432 2728; x_wconf 77' lang='lat' dir='ltr'>Neque</span> <span class='ocrx_word' id='word_1_129' title='bbox 449 2665 549 2713; x_wconf 89' lang='lat' dir='ltr'>inclinat</span> <span class='ocrx_word' id='word_1_130' title='bbox 568 2664 671 2724; x_wconf 85' lang='lat' dir='ltr'>animus,</span> <span class='ocrx_word' id='word_1_131' title='bbox 689 2675 716 2713; x_wconf 87' lang='lat' dir='ltr'>ut</span> <span class='ocrx_word' id='word_1_132' title='bbox 734 2679 816 2713; x_wconf 88' lang='lat' dir='ltr'>verum</span> <span class='ocrx_word' id='word_1_133' title='bbox 834 2668 879 2714; x_wconf 82' lang='lat' dir='ltr'>erse</span> <span class='ocrx_word' id='word_1_134' title='bbox 894 2664 1037 2729; x_wconf 75' lang='lat' dir='ltr'>existimem,</span> 
     </span>
     <span class='ocr_line' id='line_1_23' title="bbox 268 2750 1039 2830; baseline 0.001 -17"><span class='ocrx_word' id='word_1_135' title='bbox 268 2763 357 2830; x_wconf 71' lang='lat' dir='ltr'>quodi</span> <span class='ocrx_word' id='word_1_136' title='bbox 371 2762 513 2826; x_wconf 88' lang='lat' dir='ltr'>quibusdam</span> <span class='ocrx_word' id='word_1_137' title='bbox 533 2759 649 2819; x_wconf 87' lang='lat' dir='ltr'>scribitur,</span> <span class='ocrx_word' id='word_1_138' title='bbox 669 2762 737 2809; x_wconf 90' lang='lat' dir='ltr'>suisse</span> <span class='ocrx_word' id='word_1_139' title='bbox 754 2750 823 2809; x_wconf 88' lang='lat' dir='ltr'>illurn</span> <span class='ocrx_word' id='word_1_140' title='bbox 840 2763 899 2825; x_wconf 84' lang='lat' dir='ltr'>slylo</span> <span class='ocrx_word' id='word_1_141' title='bbox 917 2776 1039 2827; x_wconf 81' lang='lat' dir='ltr'>praeaeuto</span> 
     </span>
     <span class='ocr_line' id='line_1_24' title="bbox 269 2856 1039 2926; baseline -0.001 -14"><span class='ocrx_word' id='word_1_142' title='bbox 269 2862 374 2912; x_wconf 89' lang='lat' dir='ltr'>occisum</span> <span class='ocrx_word' id='word_1_143' title='bbox 384 2859 397 2909; x_wconf 73' lang='lat' dir='ltr'>d</span> <span class='ocrx_word' id='word_1_144' title='bbox 407 2861 497 2908; x_wconf 79' lang='lat' dir='ltr'>Caesare</span> <span class='ocrx_word' id='word_1_145' title='bbox 507 2856 656 2915; x_wconf 86' lang='lat' dir='ltr'>Domitiano,</span> <span class='ocrx_word' id='word_1_146' title='bbox 673 2858 727 2906; x_wconf 73' lang='lat' dir='ltr'>cium</span> <span class='ocrx_word' id='word_1_147' title='bbox 737 2867 786 2906; x_wconf 78' lang='lat' dir='ltr'>tarn</span> <span class='ocrx_word' id='word_1_148' title='bbox 795 2858 926 2920; x_wconf 82' lang='lat' dir='ltr'>diligenter,</span> <span class='ocrx_word' id='word_1_149' title='bbox 942 2859 1039 2926; x_wconf 71' lang='lat' dir='ltr'>timqne</span> 
     </span>
     <span class='ocr_line' id='line_1_25' title="bbox 270 2954 1039 3021; baseline 0 -12"><span class='ocrx_word' id='word_1_150' title='bbox 270 2958 377 3009; x_wconf 59' lang='lat' dir='ltr'>officior&amp;</span> <span class='ocrx_word' id='word_1_151' title='bbox 387 2956 470 3006; x_wconf 87' lang='lat' dir='ltr'>multis</span> <span class='ocrx_word' id='word_1_152' title='bbox 482 2968 509 3003; x_wconf 83' lang='lat' dir='ltr'>ac</span> <span class='ocrx_word' id='word_1_153' title='bbox 520 2954 591 3002; x_wconf 79' lang='lat' dir='ltr'>variis</span> <span class='ocrx_word' id='word_1_154' title='bbox 607 2955 725 3002; x_wconf 63' lang='lat' dir='ltr'>Poimatis</span> <span class='ocrx_word' id='word_1_155' title='bbox 743 2954 878 3003; x_wconf 87' lang='lat' dir='ltr'>blandiatur</span> <span class='ocrx_word' id='word_1_156' title='bbox 892 2956 995 3021; x_wconf 86' lang='lat' dir='ltr'>principi</span> <span class='ocrx_word' id='word_1_157' title='bbox 1012 2958 1039 3009; x_wconf 81' lang='lat' dir='ltr'>itt</span> 
     </span>
     <span class='ocr_line' id='line_1_26' title="bbox 270 3051 928 3117; baseline -0.008 -9"><span class='ocrx_word' id='word_1_158' title='bbox 270 3056 411 3108; x_wconf 83' lang='lat' dir='ltr'>extollendis</span> <span class='ocrx_word' id='word_1_159' title='bbox 422 3066 494 3117; x_wconf 84' lang='lat' dir='ltr'>atque</span> <span class='ocrx_word' id='word_1_160' title='bbox 505 3051 590 3102; x_wconf 60' lang='lat' dir='ltr'>andus</span> <span class='ocrx_word' id='word_1_161' title='bbox 602 3051 746 3102; x_wconf 80' lang='lat' dir='ltr'>celebrandis</span> <span class='ocrx_word' id='word_1_162' title='bbox 757 3052 821 3101; x_wconf 90' lang='lat' dir='ltr'>illius</span> <span class='ocrx_word' id='word_1_163' title='bbox 832 3052 928 3103; x_wconf 86' lang='lat' dir='ltr'>officiis.</span> 
     </span>
    </p>
   </div>
   <div class='ocr_carea' id='block_1_5' title="bbox 874 3268 1059 3322">
    <p class='ocr_par' dir='ltr' id='par_1_6' title="bbox 874 3268 1059 3322">
     <span class='ocr_line' id='line_1_27' title="bbox 874 3268 1059 3322; baseline -0.016 0"><span class='ocrx_word' id='word_1_164' title='bbox 874 3268 1059 3322; x_wconf 62' lang='lat' dir='ltr'>snum</span> 
     </span>
    </p>
   </div>
   <div class='ocr_carea' id='block_1_6' title="bbox 0 0 1364 3900">
    <p class='ocr_par' dir='ltr' id='par_1_7' title="bbox 0 0 1364 3900">
     <span class='ocr_line' id='line_1_28' title="bbox 0 0 1364 3900; baseline 0 0"><span class='ocrx_word' id='word_1_165' title='bbox 0 0 1364 3900; x_wconf 95' lang='lat' dir='ltr'> </span> 
     </span>
    </p>
   </div>
  </div>
 </body>
</html>
