2700 3900
452 526 480 576 P.
510 524 695 576 Parrum
726 523 853 573 ViTA.
1014 541 1043 578 tt

269 672 309 721 vel
326 667 422 730 Surculi,
444 681 578 731 cognomen
596 666 690 726 habuit,
713 681 758 716 nec
775 666 908 716 Tololenfic
926 665 983 730 luit,
1005 671 1044 720 led

248 787 250 789 ’
268 770 455 835 Neapolitanus.
486 767 597 833 Reliquit
610 770 642 818 V.
664 737 788 829 Sylvarum
808 768 890 826 libros,
905 765 964 819 ΧΠ.
979 770 1046 820 The·

269 869 365 929 baldou,
381 871 413 917 V.
429 866 587 920 Achilleidos.
618 869 647 916 ln
657 863 783 915 Thebaida
797 870 820 913 a
831 864 966 915 Achilleida
976 881 1045 918 cour·

270 971 395 1014 mentatus
409 960 520 1010 Placidus
533 958 688 1022 Laclantius,
705 973 779 1022 quem
793 960 883 1006 ueceffe
894 959 928 1007 est
937 961 991 1022 post
1001 975 1045 1011 an.
1132 998 1135 1003 .

270 1069 333 1112 num
341 1053 424 1107 vixisse
433 1053 693 1117 quadringentesimum
703 1051 758 1100 clm
768 1049 891 1100 Sedulium
900 1049 968 1110 citet,
978 1053 1044 1102 The-

267 1149 376 1200 odofiani
397 1148 441 1198 aevi
461 1147 619 1212 scriptoremt
647 1146 698 1196 imi
715 1151 738 1195 tc
756 1145 809 1210 post
825 1146 1042 1211 quingentesimum

268 1248 352 1309 luerit,
376 1249 437 1297 clm'
450 1246 544 1296 Bo'e‘thii
563 1245 707 1308 meminerit
739 1245 840 1294 littero
856 1248 1043 1303 commentarius

267 1345 322 1411 ejus
330 1354 400 1393 cento
411 1357 441 1392 ex
452 1343 536 1404 Seruii,
547 1343 640 1407 Hygeni
652 1340 833 1405 Mythologicis,
843 1347 866 1390 tr
874 1343 1043 1396 Astronomico

268 1448 369 1504 Arateo,
392 1448 415 1492 tc
434 1442 575 1506 quibusdam
594 1442 656 1502 allio,
681 1455 742 1505 quos
758 1441 789 1490 ad
805 1441 905 1490 verbum
923 1442 1042 1496 exscribit.

266 1545 312 1600 Est
321 1544 394 1606 idem,
405 1543 447 1607 qui
459 1547 608 1612 Argumenta
619 1541 716 1606 reliquit
726 1542 850 1594 ovidiana
860 1546 1043 1608 Metamorpho-

267 1641 328 1690 [ωε.
347 1632 407 1689 ‘Etsi
419 1654 468 1689 non
480 1639 588 1703 ignorem
598 1638 611 1689 i
621 1639 763 1704 quibusdam
772 1640 884 1689 Lutatium
894 1640 951 1691 dici.
972 1641 1044 1693 Priua

266 1748 361 1786 nomen
378 1736 483 1799 agnoscit
499 1741 521 1786 tc
537 1734 667 1786 Boccacius
682 1734 723 1785 lib.
740 1751 761 1785 r.
777 1736 807 1784 de
821 1737 967 1800 Genealogla
979 1740 1044 1788 Deo·

266 1848 332 1893 rum,
349 1848 404 1897 pag.
417 1835 441 1883 8.
456 1835 594 1893 Latiarum,
608 1835 693 1900 irfigm'r
703 1836 769 1894 hmo,
783 1833 901 1900 doctisque,
912 1835 1041 1905 saper-ita.

266 1935 321 1982 aium
327 1931 428 1998 scribens.
455 1934 507 1981 Nec
516 1931 624 1997 displicet
634 1932 698 1997 quod
708 1918 854 1997 suspicantur
863 1932 955 1985 easdem
965 1935 1041 1987 videri

267 2030 363 2094 glossas,
379 2044 434 2093 quae
451 2029 543 2079 Placidi
558 2029 680 2087 dicuntur.
711 2030 805 2080 Mirum
822 2031 877 2096 vert
892 2033 1040 2097 Martialem,

237 2179 250 2193 ,
266 2133 323 2183 cium
335 2131 392 2181 adei
403 2134 504 2189 celebret
523 2135 621 2188 Stellam
635 2136 742 2193 Po'e'tam,
758 2149 807 2185 non
820 2133 953 2187 meminille
962 2112 1043 2199 Statii,

266 2232 330 2284 tanti
339 2232 411 2282 amici
420 2235 507 2295 Stellae,
517 2243 546 2284 ut
553 2234 575 2283 ei
584 2233 672 2283 miserit
680 2233 787 2298 primum
797 2235 929 2297 sylvarum.
945 2238 1040 2302 Nempe
1072 2230 1074 2233 ’

264 2338 297 2388 aa
314 2334 403 2396 ravrara
420 2336 444 2383 ra
461 2336 595 2400 profectum
611 2335 714 2384 videtur.
745 2336 802 2383 uon
815 2311 1037 2387 saeculalaria

263 2434 395 2500 Papiniurn
406 2444 529 2499 tantopere
538 2434 564 2485 in
572 2433 646 2498 gratia
653 2436 698 2483 else
706 2435 769 2498 apud
778 2432 954 2497 Domitianum,
963 2413 1037 2500 idque

264 2533 297 2582 ob
313 2533 498 2595 extemporalem
517 2532 544 2581 in
562 2531 668 2584 carmine
684 2530 833 2591 felicitatem,
853 2528 900 2593 qui
915 2530 1036 2583 Martialis
1058 2569 1062 2581 .

263 2626 335 2691 longi
343 2627 491 2679 vincebatur.
522 2629 611 2677 Parum
622 2628 729 2677 amicum
743 2626 844 2692 Papinio
855 2628 1035 2684 luilseMartia·

263 2731 313 2779 lem
329 2742 359 2779 ex
375 2743 404 2780 eo
422 2730 552 2794 colligitur,
568 2730 631 2801 quid
648 2745 773 2795 nunquam
787 2730 886 2798 aequalia
900 2729 934 2785 lui
949 2728 1036 2788 metui·

265 2827 337 2884 nerit.
810 2830 814 2845 “
