<?xml version="1.0" encoding="UTF-8"?>
<!DOCTYPE html PUBLIC "-//W3C//DTD XHTML 1.0 Transitional//EN"
    "http://www.w3.org/TR/xhtml1/DTD/xhtml1-transitional.dtd">
<html xmlns="http://www.w3.org/1999/xhtml" xml:lang="en" lang="en">
 <head>
  <title>
</title>
<meta http-equiv="Content-Type" content="text/html;charset=utf-8" />
  <meta name='ocr-system' content='tesseract 3.04.00' />
  <meta name='ocr-capabilities' content='ocr_page ocr_carea ocr_par ocr_line ocrx_word'/>
</head>
<body>
  <div class='ocr_page' id='page_1' title='image "./publiipapiniist00statgoog_0068.png"; bbox 0 0 2700 3900; ppageno 0'>
   <div class='ocr_carea' id='block_1_1' title="bbox 388 568 1054 632">
    <p class='ocr_par' dir='ltr' id='par_1_1' title="bbox 388 568 1054 632">
     <span class='ocr_line' id='line_1_1' title="bbox 388 568 1054 632; baseline 0.005 -14"><span class='ocrx_word' id='word_1_1' title='bbox 388 568 688 618; x_wconf 77' lang='lat' dir='ltr'>suuvnnunt</span> <span class='ocrx_word' id='word_1_2' title='bbox 727 569 811 618; x_wconf 79' lang='lat' dir='ltr'>ura</span> <span class='ocrx_word' id='word_1_3' title='bbox 850 569 888 622; x_wconf 84' lang='lat'>11.</span> <span class='ocrx_word' id='word_1_4' title='bbox 1021 581 1054 632; x_wconf 69' lang='lat'>40</span> 
     </span>
    </p>
   </div>
   <div class='ocr_carea' id='block_1_2' title="bbox 243 708 1024 1756">
    <p class='ocr_par' dir='ltr' id='par_1_2' title="bbox 243 708 1024 1756">
     <span class='ocr_line' id='line_1_2' title="bbox 269 708 978 775; baseline -0.001 -13"><span class='ocrx_word' id='word_1_5' title='bbox 269 711 335 762; x_wconf 81' lang='lat' dir='ltr'>Cum</span> <span class='ocrx_word' id='word_1_6' title='bbox 344 710 397 774; x_wconf 87' lang='lat' dir='ltr'>jam</span> <span class='ocrx_word' id='word_1_7' title='bbox 407 713 462 761; x_wconf 87' lang='lat' dir='ltr'>sessa</span> <span class='ocrx_word' id='word_1_8' title='bbox 473 711 532 772; x_wconf 86' lang='lat' dir='ltr'>diet,</span> <span class='ocrx_word' id='word_1_9' title='bbox 548 717 571 761; x_wconf 73' lang='lat' dir='ltr'>se</span> <span class='ocrx_word' id='word_1_10' title='bbox 582 711 607 760; x_wconf 86' lang='lat' dir='ltr'>in</span> <span class='ocrx_word' id='word_1_11' title='bbox 618 725 715 775; x_wconf 81' lang='lat' dir='ltr'>aequora</span> <span class='ocrx_word' id='word_1_12' title='bbox 725 710 816 759; x_wconf 74' lang='lat' dir='ltr'>montis</span> <span class='ocrx_word' id='word_1_13' title='bbox 828 708 899 774; x_wconf 75' lang='lat' dir='ltr'>opaci</span> <span class='ocrx_word' id='word_1_14' title='bbox 974 734 978 743; x_wconf 91' lang='lat'>·</span> 
     </span>
     <span class='ocr_line' id='line_1_3' title="bbox 268 813 901 876; baseline 0.003 -15"><span class='ocrx_word' id='word_1_15' title='bbox 268 814 364 861; x_wconf 85' lang='lat' dir='ltr'>Umbra</span> <span class='ocrx_word' id='word_1_16' title='bbox 375 813 448 873; x_wconf 85' lang='lat' dir='ltr'>eadit,</span> <span class='ocrx_word' id='word_1_17' title='bbox 463 813 587 875; x_wconf 76' lang='lat' dir='ltr'>vitreoque</span> <span class='ocrx_word' id='word_1_18' title='bbox 597 821 682 861; x_wconf 84' lang='lat' dir='ltr'>natant</span> <span class='ocrx_word' id='word_1_19' title='bbox 693 813 804 875; x_wconf 77' lang='lat' dir='ltr'>praetoria</span> <span class='ocrx_word' id='word_1_20' title='bbox 814 824 901 876; x_wconf 80' lang='lat' dir='ltr'>ponto.</span> 
     </span>
     <span class='ocr_line' id='line_1_4' title="bbox 243 907 924 974; baseline 0.001 -14"><span class='ocrx_word' id='word_1_21' title='bbox 243 926 254 960; x_wconf 81' lang='lat' dir='ltr'>a</span> <span class='ocrx_word' id='word_1_22' title='bbox 270 913 332 961; x_wconf 77' lang='lat' dir='ltr'>Haec</span> <span class='ocrx_word' id='word_1_23' title='bbox 344 911 421 974; x_wconf 76' lang='lat' dir='ltr'>pelagi</span> <span class='ocrx_word' id='word_1_24' title='bbox 433 910 536 958; x_wconf 84' lang='lat' dir='ltr'>clamore</span> <span class='ocrx_word' id='word_1_25' title='bbox 547 910 671 970; x_wconf 77' lang='lat' dir='ltr'>fremunt3</span> <span class='ocrx_word' id='word_1_26' title='bbox 689 907 741 957; x_wconf 78' lang='lat' dir='ltr'>haee</span> <span class='ocrx_word' id='word_1_27' title='bbox 752 909 816 957; x_wconf 70' lang='lat' dir='ltr'>tedia</span> <span class='ocrx_word' id='word_1_28' title='bbox 825 908 924 961; x_wconf 65' lang='lat' dir='ltr'>sonoro!</span> 
     </span>
     <span class='ocr_line' id='line_1_5' title="bbox 268 1005 843 1071; baseline 0.005 -16"><span class='ocrx_word' id='word_1_29' title='bbox 268 1011 384 1071; x_wconf 81' lang='lat' dir='ltr'>Ignorant</span> <span class='ocrx_word' id='word_1_30' title='bbox 395 1008 491 1065; x_wconf 74' lang='lat' dir='ltr'>fluetus,</span> <span class='ocrx_word' id='word_1_31' title='bbox 507 1017 623 1069; x_wconf 78' lang='lat' dir='ltr'>terraeque</span> <span class='ocrx_word' id='word_1_32' title='bbox 633 1005 726 1055; x_wconf 80' lang='lat' dir='ltr'>slentia</span> <span class='ocrx_word' id='word_1_33' title='bbox 735 1006 843 1058; x_wconf 76' lang='lat' dir='ltr'>malunt·</span> 
     </span>
     <span class='ocr_line' id='line_1_6' title="bbox 267 1102 820 1162; baseline 0.004 -11"><span class='ocrx_word' id='word_1_34' title='bbox 267 1104 314 1152; x_wconf 84' lang='lat' dir='ltr'>His</span> <span class='ocrx_word' id='word_1_35' title='bbox 325 1103 386 1152; x_wconf 86' lang='lat' dir='ltr'>savit</span> <span class='ocrx_word' id='word_1_36' title='bbox 395 1105 488 1152; x_wconf 89' lang='lat' dir='ltr'>Natura</span> <span class='ocrx_word' id='word_1_37' title='bbox 498 1103 572 1153; x_wconf 81' lang='lat' dir='ltr'>lucit:</span> <span class='ocrx_word' id='word_1_38' title='bbox 591 1103 631 1151; x_wconf 83' lang='lat' dir='ltr'>hic</span> <span class='ocrx_word' id='word_1_39' title='bbox 641 1103 714 1162; x_wconf 69' lang='lat' dir='ltr'>vidia,</span> <span class='ocrx_word' id='word_1_40' title='bbox 730 1102 820 1153; x_wconf 70' lang='lat' dir='ltr'>enimes</span> 
     </span>
     <span class='ocr_line' id='line_1_7' title="bbox 266 1198 848 1263; baseline 0.005 -15"><span class='ocrx_word' id='word_1_41' title='bbox 266 1202 350 1259; x_wconf 81' lang='lat' dir='ltr'>Cessrt,</span> <span class='ocrx_word' id='word_1_42' title='bbox 366 1205 388 1248; x_wconf 75' lang='lat' dir='ltr'>ir</span> <span class='ocrx_word' id='word_1_43' title='bbox 401 1201 496 1263; x_wconf 76' lang='lat' dir='ltr'>ignoret</span> <span class='ocrx_word' id='word_1_44' title='bbox 506 1198 591 1247; x_wconf 84' lang='lat' dir='ltr'>docilia</span> <span class='ocrx_word' id='word_1_45' title='bbox 602 1199 736 1247; x_wconf 80' lang='lat' dir='ltr'>mansuevit</span> <span class='ocrx_word' id='word_1_46' title='bbox 746 1199 773 1247; x_wconf 88' lang='lat' dir='ltr'>in</span> <span class='ocrx_word' id='word_1_47' title='bbox 783 1200 848 1252; x_wconf 83' lang='lat' dir='ltr'>usut.</span> 
     </span>
     <span class='ocr_line' id='line_1_8' title="bbox 266 1298 969 1367; baseline 0.006 -19"><span class='ocrx_word' id='word_1_48' title='bbox 266 1301 343 1348; x_wconf 87' lang='lat' dir='ltr'>Mons</span> <span class='ocrx_word' id='word_1_49' title='bbox 353 1310 405 1348; x_wconf 84' lang='lat' dir='ltr'>erat</span> <span class='ocrx_word' id='word_1_50' title='bbox 415 1299 463 1359; x_wconf 86' lang='lat' dir='ltr'>hie,</span> <span class='ocrx_word' id='word_1_51' title='bbox 480 1298 522 1347; x_wconf 91' lang='lat' dir='ltr'>ubi</span> <span class='ocrx_word' id='word_1_52' title='bbox 533 1300 604 1362; x_wconf 86' lang='lat' dir='ltr'>plana</span> <span class='ocrx_word' id='word_1_53' title='bbox 614 1298 697 1347; x_wconf 77' lang='lat' dir='ltr'>videar</span> <span class='ocrx_word' id='word_1_54' title='bbox 715 1299 767 1348; x_wconf 80' lang='lat' dir='ltr'>haee</span> <span class='ocrx_word' id='word_1_55' title='bbox 777 1299 850 1347; x_wconf 72' lang='lat' dir='ltr'>lustra</span> <span class='ocrx_word' id='word_1_56' title='bbox 859 1300 969 1367; x_wconf 75' lang='lat' dir='ltr'>suerunt,</span> 
     </span>
     <span class='ocr_line' id='line_1_9' title="bbox 243 1398 976 1466; baseline 0 -17"><span class='ocrx_word' id='word_1_57' title='bbox 243 1414 251 1466; x_wconf 79' lang='grc' dir='ltr'><strong>ς</strong></span> <span class='ocrx_word' id='word_1_58' title='bbox 268 1401 329 1465; x_wconf 81' lang='lat' dir='ltr'>Qae</span> <span class='ocrx_word' id='word_1_59' title='bbox 339 1412 404 1447; x_wconf 86' lang='lat' dir='ltr'>nunc</span> <span class='ocrx_word' id='word_1_60' title='bbox 415 1400 477 1447; x_wconf 72' lang='lat' dir='ltr'>tedia</span> <span class='ocrx_word' id='word_1_61' title='bbox 487 1399 559 1449; x_wconf 81' lang='lat' dir='ltr'>subis.</span> <span class='ocrx_word' id='word_1_62' title='bbox 571 1398 612 1447; x_wconf 88' lang='lat' dir='ltr'>ubi</span> <span class='ocrx_word' id='word_1_63' title='bbox 623 1412 689 1447; x_wconf 82' lang='lat' dir='ltr'>nune</span> <span class='ocrx_word' id='word_1_64' title='bbox 699 1413 798 1448; x_wconf 80' lang='lat' dir='ltr'>nemora</span> <span class='ocrx_word' id='word_1_65' title='bbox 806 1399 880 1448; x_wconf 86' lang='lat' dir='ltr'>ardua</span> <span class='ocrx_word' id='word_1_66' title='bbox 888 1403 976 1464; x_wconf 77' lang='lat' dir='ltr'>ceruit,</span> 
     </span>
     <span class='ocr_line' id='line_1_10' title="bbox 268 1497 869 1562; baseline 0.003 -15"><span class='ocrx_word' id='word_1_67' title='bbox 268 1498 317 1547; x_wconf 83' lang='lat' dir='ltr'>Hic</span> <span class='ocrx_word' id='word_1_68' title='bbox 328 1512 372 1546; x_wconf 83' lang='lat' dir='ltr'>nec</span> <span class='ocrx_word' id='word_1_69' title='bbox 383 1507 444 1546; x_wconf 87' lang='lat' dir='ltr'>terra</span> <span class='ocrx_word' id='word_1_70' title='bbox 454 1498 509 1548; x_wconf 86' lang='lat' dir='ltr'>fuit.</span> <span class='ocrx_word' id='word_1_71' title='bbox 526 1497 621 1547; x_wconf 85' lang='lat' dir='ltr'>domuit</span> <span class='ocrx_word' id='word_1_72' title='bbox 631 1500 749 1562; x_wconf 85' lang='lat' dir='ltr'>possessor,</span> <span class='ocrx_word' id='word_1_73' title='bbox 765 1504 787 1547; x_wconf 80' lang='lat' dir='ltr'>de</span> <span class='ocrx_word' id='word_1_74' title='bbox 796 1498 869 1549; x_wconf 87' lang='lat' dir='ltr'>illum</span> 
     </span>
     <span class='ocr_line' id='line_1_11' title="bbox 266 1597 843 1660; baseline 0.003 -16"><span class='ocrx_word' id='word_1_75' title='bbox 266 1598 421 1644; x_wconf 68' lang='lat' dir='ltr'>formantem</span> <span class='ocrx_word' id='word_1_76' title='bbox 433 1610 512 1660; x_wconf 82' lang='lat' dir='ltr'>rupes,</span> <span class='ocrx_word' id='word_1_77' title='bbox 527 1605 753 1659; x_wconf 79' lang='lat' dir='ltr'>expugnantemque</span> <span class='ocrx_word' id='word_1_78' title='bbox 763 1597 843 1646; x_wconf 81' lang='lat' dir='ltr'>secuta</span> 
     </span>
     <span class='ocr_line' id='line_1_12' title="bbox 268 1692 1024 1756; baseline 0.007 -16"><span class='ocrx_word' id='word_1_79' title='bbox 268 1693 368 1741; x_wconf 85' lang='lat' dir='ltr'>Gaudet</span> <span class='ocrx_word' id='word_1_80' title='bbox 378 1693 474 1742; x_wconf 78' lang='lat' dir='ltr'>humus.</span> <span class='ocrx_word' id='word_1_81' title='bbox 490 1707 555 1742; x_wconf 85' lang='lat' dir='ltr'>nunc</span> <span class='ocrx_word' id='word_1_82' title='bbox 566 1692 730 1755; x_wconf 81' lang='lat' dir='ltr'>eernejugum</span> <span class='ocrx_word' id='word_1_83' title='bbox 740 1694 853 1744; x_wconf 80' lang='lat' dir='ltr'>distentia</span> <span class='ocrx_word' id='word_1_84' title='bbox 863 1695 931 1756; x_wconf 79' lang='lat' dir='ltr'>saxa,</span> <span class='ocrx_word' id='word_1_85' title='bbox 1015 1723 1024 1739; x_wconf 49' lang='grc' dir='ltr'>π</span> 
     </span>
    </p>
   </div>
   <div class='ocr_carea' id='block_1_3' title="bbox 244 1788 934 1952">
    <p class='ocr_par' dir='ltr' id='par_1_3' title="bbox 244 1788 934 1952">
     <span class='ocr_line' id='line_1_13' title="bbox 266 1788 934 1852; baseline 0.004 -14"><span class='ocrx_word' id='word_1_86' title='bbox 266 1791 433 1852; x_wconf 82' lang='lat' dir='ltr'>intrantesque</span> <span class='ocrx_word' id='word_1_87' title='bbox 443 1790 537 1849; x_wconf 87' lang='lat' dir='ltr'>domos,</span> <span class='ocrx_word' id='word_1_88' title='bbox 550 1788 689 1852; x_wconf 81' lang='lat' dir='ltr'>jussumque</span> <span class='ocrx_word' id='word_1_89' title='bbox 698 1789 805 1840; x_wconf 82' lang='lat' dir='ltr'>recedere</span> <span class='ocrx_word' id='word_1_90' title='bbox 814 1802 934 1847; x_wconf 82' lang='lat' dir='ltr'>montem.</span> 
     </span>
     <span class='ocr_line' id='line_1_14' title="bbox 244 1881 863 1952; baseline -0.002 -17"><span class='ocrx_word' id='word_1_91' title='bbox 244 1900 254 1935; x_wconf 81' lang='lat' dir='ltr'>a</span> <span class='ocrx_word' id='word_1_92' title='bbox 269 1885 326 1952; x_wconf 86' lang='lat' dir='ltr'>Jam</span> <span class='ocrx_word' id='word_1_93' title='bbox 337 1881 495 1945; x_wconf 81' lang='lat' dir='ltr'>Methymnaei</span> <span class='ocrx_word' id='word_1_94' title='bbox 506 1881 569 1930; x_wconf 77' lang='lat' dir='ltr'>vatis</span> <span class='ocrx_word' id='word_1_95' title='bbox 579 1896 674 1942; x_wconf 80' lang='lat' dir='ltr'>manus,</span> <span class='ocrx_word' id='word_1_96' title='bbox 691 1887 713 1930; x_wconf 74' lang='lat' dir='ltr'>se</span> <span class='ocrx_word' id='word_1_97' title='bbox 720 1881 805 1947; x_wconf 20' lang='lat' dir='ltr'>*chelys</span> <span class='ocrx_word' id='word_1_98' title='bbox 813 1897 863 1934; x_wconf 86' lang='lat' dir='ltr'>una</span> 
     </span>
    </p>
   </div>
   <div class='ocr_carea' id='block_1_4' title="bbox 244 1980 1069 3418">
    <p class='ocr_par' dir='ltr' id='par_1_4' title="bbox 244 1980 1069 3418">
     <span class='ocr_line' id='line_1_15' title="bbox 267 1980 840 2044; baseline 0 -12"><span class='ocrx_word' id='word_1_99' title='bbox 267 1982 385 2044; x_wconf 81' lang='lat' dir='ltr'>Thebais,</span> <span class='ocrx_word' id='word_1_100' title='bbox 402 1987 425 2032; x_wconf 69' lang='grc' dir='ltr'>δι</span> <span class='ocrx_word' id='word_1_101' title='bbox 436 1980 518 2031; x_wconf 81' lang='lat' dir='ltr'>Getici</span> <span class='ocrx_word' id='word_1_102' title='bbox 527 1980 595 2033; x_wconf 85' lang='lat' dir='ltr'>cedat</span> <span class='ocrx_word' id='word_1_103' title='bbox 606 1980 650 2030; x_wconf 89' lang='lat' dir='ltr'>tibi</span> <span class='ocrx_word' id='word_1_104' title='bbox 661 1980 737 2043; x_wconf 81' lang='lat' dir='ltr'>gloria</span> <span class='ocrx_word' id='word_1_105' title='bbox 746 1981 840 2044; x_wconf 66' lang='lat' dir='ltr'>psedri.</span> 
     </span>
     <span class='ocr_line' id='line_1_16' title="bbox 267 2086 975 2158; baseline 0.004 -23"><span class='ocrx_word' id='word_1_106' title='bbox 267 2089 338 2136; x_wconf 84' lang='lat' dir='ltr'>Etru</span> <span class='ocrx_word' id='word_1_107' title='bbox 349 2088 405 2135; x_wconf 81' lang='lat' dir='ltr'>saxa</span> <span class='ocrx_word' id='word_1_108' title='bbox 416 2099 507 2158; x_wconf 77' lang='lat' dir='ltr'>mures,</span> <span class='ocrx_word' id='word_1_109' title='bbox 523 2092 546 2135; x_wconf 74' lang='grc' dir='ltr'>ει</span> <span class='ocrx_word' id='word_1_110' title='bbox 557 2096 581 2135; x_wconf 89' lang='lat' dir='ltr'>te</span> <span class='ocrx_word' id='word_1_111' title='bbox 592 2100 691 2135; x_wconf 84' lang='lat' dir='ltr'>nemora</span> <span class='ocrx_word' id='word_1_112' title='bbox 699 2088 749 2136; x_wconf 80' lang='lat' dir='ltr'>asta</span> <span class='ocrx_word' id='word_1_113' title='bbox 758 2086 899 2151; x_wconf 82' lang='lat' dir='ltr'>sequuntur.</span> <span class='ocrx_word' id='word_1_114' title='bbox 972 2127 975 2138; x_wconf 90' lang='lat'><em>.</em></span> 
     </span>
     <span class='ocr_line' id='line_1_17' title="bbox 266 2182 990 2250; baseline 0.007 -20"><span class='ocrx_word' id='word_1_115' title='bbox 266 2182 334 2250; x_wconf 79' lang='lat' dir='ltr'>Qid</span> <span class='ocrx_word' id='word_1_116' title='bbox 346 2186 445 2233; x_wconf 88' lang='lat' dir='ltr'>reseram</span> <span class='ocrx_word' id='word_1_117' title='bbox 456 2194 545 2233; x_wconf 80' lang='lat' dir='ltr'>veteres</span> <span class='ocrx_word' id='word_1_118' title='bbox 556 2198 663 2247; x_wconf 75' lang='lat' dir='ltr'>ceraeque</span> <span class='ocrx_word' id='word_1_119' title='bbox 673 2184 772 2248; x_wconf 74' lang='lat' dir='ltr'>aerisque</span> <span class='ocrx_word' id='word_1_120' title='bbox 782 2186 891 2249; x_wconf 74' lang='lat' dir='ltr'>figurat?</span> <span class='ocrx_word' id='word_1_121' title='bbox 988 2232 990 2235; x_wconf 88' lang='lat'>.</span> 
     </span>
     <span class='ocr_line' id='line_1_18' title="bbox 266 2285 819 2350; baseline 0.004 -16"><span class='ocrx_word' id='word_1_122' title='bbox 266 2285 293 2334; x_wconf 83' lang='lat' dir='ltr'>Si</span> <span class='ocrx_word' id='word_1_123' title='bbox 305 2285 364 2349; x_wconf 84' lang='lat' dir='ltr'>quid</span> <span class='ocrx_word' id='word_1_124' title='bbox 375 2287 469 2349; x_wconf 77' lang='lat' dir='ltr'>Apellei</span> <span class='ocrx_word' id='word_1_125' title='bbox 480 2286 583 2349; x_wconf 75' lang='lat' dir='ltr'>gaudent</span> <span class='ocrx_word' id='word_1_126' title='bbox 593 2286 707 2333; x_wconf 84' lang='lat' dir='ltr'>animasse</span> <span class='ocrx_word' id='word_1_127' title='bbox 716 2288 819 2350; x_wconf 60' lang='lat' dir='ltr'>colorem</span> 
     </span>
     <span class='ocr_line' id='line_1_19' title="bbox 244 2385 847 2452; baseline 0 -17"><span class='ocrx_word' id='word_1_128' title='bbox 244 2404 251 2452; x_wconf 70' lang='grc' dir='ltr'><strong><em>ς</em></strong></span> <span class='ocrx_word' id='word_1_129' title='bbox 269 2388 294 2436; x_wconf 90' lang='lat' dir='ltr'>Si</span> <span class='ocrx_word' id='word_1_130' title='bbox 305 2387 365 2451; x_wconf 91' lang='lat' dir='ltr'>quid</span> <span class='ocrx_word' id='word_1_131' title='bbox 376 2387 454 2435; x_wconf 87' lang='lat' dir='ltr'>adhuc</span> <span class='ocrx_word' id='word_1_132' title='bbox 464 2400 540 2434; x_wconf 84' lang='lat' dir='ltr'>vacua</span> <span class='ocrx_word' id='word_1_133' title='bbox 551 2396 632 2433; x_wconf 86' lang='lat' dir='ltr'>tamen</span> <span class='ocrx_word' id='word_1_134' title='bbox 642 2385 784 2435; x_wconf 84' lang='lat' dir='ltr'>admirabile</span> <span class='ocrx_word' id='word_1_135' title='bbox 794 2387 847 2435; x_wconf 85' lang='lat' dir='ltr'>Pisa</span> 
     </span>
     <span class='ocr_line' id='line_1_20' title="bbox 265 2481 904 2546; baseline 0 -13"><span class='ocrx_word' id='word_1_136' title='bbox 265 2484 388 2533; x_wconf 78' lang='lat' dir='ltr'>Phidiacae</span> <span class='ocrx_word' id='word_1_137' title='bbox 398 2485 472 2532; x_wconf 88' lang='lat' dir='ltr'>rasere</span> <span class='ocrx_word' id='word_1_138' title='bbox 482 2496 586 2533; x_wconf 78' lang='lat' dir='ltr'>manuae</span> <span class='ocrx_word' id='word_1_139' title='bbox 603 2484 669 2546; x_wconf 87' lang='lat' dir='ltr'>quod</span> <span class='ocrx_word' id='word_1_140' title='bbox 681 2484 712 2531; x_wconf 89' lang='lat' dir='ltr'>ab</span> <span class='ocrx_word' id='word_1_141' title='bbox 722 2495 773 2533; x_wconf 84' lang='lat' dir='ltr'>artu</span> <span class='ocrx_word' id='word_1_142' title='bbox 783 2481 904 2546; x_wconf 69' lang='lat' dir='ltr'>Myronis,</span> 
     </span>
     <span class='ocr_line' id='line_1_21' title="bbox 266 2578 860 2645; baseline 0.005 -15"><span class='ocrx_word' id='word_1_143' title='bbox 266 2585 321 2630; x_wconf 79' lang='lat' dir='ltr'>Aut</span> <span class='ocrx_word' id='word_1_144' title='bbox 330 2581 473 2641; x_wconf 83' lang='lat' dir='ltr'>Polycletaeo</span> <span class='ocrx_word' id='word_1_145' title='bbox 481 2580 571 2643; x_wconf 81' lang='lat' dir='ltr'>jussum</span> <span class='ocrx_word' id='word_1_146' title='bbox 582 2578 616 2629; x_wconf 79' lang='lat' dir='ltr'>est</span> <span class='ocrx_word' id='word_1_147' title='bbox 626 2582 692 2644; x_wconf 88' lang='lat' dir='ltr'>quod</span> <span class='ocrx_word' id='word_1_148' title='bbox 702 2580 782 2631; x_wconf 83' lang='lat' dir='ltr'>uivere</span> <span class='ocrx_word' id='word_1_149' title='bbox 791 2584 860 2645; x_wconf 73' lang='lat' dir='ltr'>caso,</span> 
     </span>
     <span class='ocr_line' id='line_1_22' title="bbox 264 2678 855 2747; baseline 0.007 -20"><span class='ocrx_word' id='word_1_150' title='bbox 264 2680 379 2742; x_wconf 82' lang='lat' dir='ltr'>AEraque</span> <span class='ocrx_word' id='word_1_151' title='bbox 389 2680 420 2727; x_wconf 89' lang='lat' dir='ltr'>ab</span> <span class='ocrx_word' id='word_1_152' title='bbox 431 2678 564 2729; x_wconf 76' lang='lat' dir='ltr'>Isthmiacis</span> <span class='ocrx_word' id='word_1_153' title='bbox 574 2695 634 2728; x_wconf 81' lang='lat' dir='ltr'>auro</span> <span class='ocrx_word' id='word_1_154' title='bbox 643 2680 739 2745; x_wconf 82' lang='lat' dir='ltr'>potiora</span> <span class='ocrx_word' id='word_1_155' title='bbox 750 2680 855 2747; x_wconf 77' lang='lat' dir='ltr'>savillit3</span> 
     </span>
     <span class='ocr_line' id='line_1_23' title="bbox 266 2781 982 2845; baseline 0.004 -16"><span class='ocrx_word' id='word_1_156' title='bbox 266 2782 318 2829; x_wconf 87' lang='lat' dir='ltr'>Ora</span> <span class='ocrx_word' id='word_1_157' title='bbox 328 2781 428 2839; x_wconf 88' lang='lat' dir='ltr'>ducum,</span> <span class='ocrx_word' id='word_1_158' title='bbox 444 2785 466 2828; x_wconf 75' lang='lat' dir='ltr'>de</span> <span class='ocrx_word' id='word_1_159' title='bbox 476 2790 570 2839; x_wconf 82' lang='lat' dir='ltr'>vatum,</span> <span class='ocrx_word' id='word_1_160' title='bbox 585 2781 768 2845; x_wconf 83' lang='lat' dir='ltr'>sapientumque</span> <span class='ocrx_word' id='word_1_161' title='bbox 778 2796 821 2832; x_wconf 83' lang='lat' dir='ltr'>ura</span> <span class='ocrx_word' id='word_1_162' title='bbox 830 2781 950 2845; x_wconf 80' lang='lat' dir='ltr'>priorum,</span> <span class='ocrx_word' id='word_1_163' title='bbox 980 2810 982 2818; x_wconf 93' lang='lat'>·</span> 
     </span>
     <span class='ocr_line' id='line_1_24' title="bbox 245 2879 872 2944; baseline 0 -14"><span class='ocrx_word' id='word_1_164' title='bbox 245 2898 251 2930; x_wconf 80' lang='lat' dir='ltr'>r</span> <span class='ocrx_word' id='word_1_165' title='bbox 267 2881 335 2944; x_wconf 79' lang='lat' dir='ltr'>Qua</span> <span class='ocrx_word' id='word_1_166' title='bbox 345 2879 390 2931; x_wconf 84' lang='lat' dir='ltr'>tibi</span> <span class='ocrx_word' id='word_1_167' title='bbox 402 2893 459 2928; x_wconf 87' lang='lat' dir='ltr'>cura</span> <span class='ocrx_word' id='word_1_168' title='bbox 469 2879 544 2943; x_wconf 86' lang='lat' dir='ltr'>sequi,</span> <span class='ocrx_word' id='word_1_169' title='bbox 559 2894 621 2942; x_wconf 79' lang='lat' dir='ltr'>quoa</span> <span class='ocrx_word' id='word_1_170' title='bbox 631 2887 685 2930; x_wconf 78' lang='lat' dir='ltr'>toto</span> <span class='ocrx_word' id='word_1_171' title='bbox 694 2882 790 2944; x_wconf 65' lang='lat' dir='ltr'>pedore</span> <span class='ocrx_word' id='word_1_172' title='bbox 798 2881 872 2932; x_wconf 77' lang='lat' dir='ltr'>sentis</span> 
     </span>
     <span class='ocr_line' id='line_1_25' title="bbox 264 2968 902 3039; baseline 0.002 -14"><span class='ocrx_word' id='word_1_173' title='bbox 264 2978 356 3038; x_wconf 79' lang='lat' dir='ltr'>Expers</span> <span class='ocrx_word' id='word_1_174' title='bbox 366 2976 500 3034; x_wconf 86' lang='lat' dir='ltr'>turbarum,</span> <span class='ocrx_word' id='word_1_175' title='bbox 516 2984 590 3039; x_wconf 91' lang='lat' dir='ltr'>atque</span> <span class='ocrx_word' id='word_1_176' title='bbox 600 2968 711 3025; x_wconf 83' lang='lat' dir='ltr'>animum</span> <span class='ocrx_word' id='word_1_177' title='bbox 720 2976 809 3025; x_wconf 87' lang='lat' dir='ltr'>virtute</span> <span class='ocrx_word' id='word_1_178' title='bbox 819 2975 902 3039; x_wconf 82' lang='lat' dir='ltr'>quieta</span> 
     </span>
     <span class='ocr_line' id='line_1_26' title="bbox 264 3073 979 3138; baseline 0.003 -16"><span class='ocrx_word' id='word_1_179' title='bbox 264 3075 429 3137; x_wconf 82' lang='lat' dir='ltr'>Composrtua,</span> <span class='ocrx_word' id='word_1_180' title='bbox 444 3074 582 3138; x_wconf 78' lang='lat' dir='ltr'>semperque</span> <span class='ocrx_word' id='word_1_181' title='bbox 592 3083 659 3124; x_wconf 84' lang='lat' dir='ltr'>tuut.</span> <span class='ocrx_word' id='word_1_182' title='bbox 691 3074 755 3131; x_wconf 80' lang='lat' dir='ltr'>Quid</span> <span class='ocrx_word' id='word_1_183' title='bbox 765 3073 833 3123; x_wconf 84' lang='lat' dir='ltr'>misle</span> <span class='ocrx_word' id='word_1_184' title='bbox 843 3073 979 3125; x_wconf 73' lang='lat' dir='ltr'>revolvam.</span> 
     </span>
     <span class='ocr_line' id='line_1_27' title="bbox 264 3169 922 3236; baseline 0.008 -19"><span class='ocrx_word' id='word_1_185' title='bbox 264 3170 390 3229; x_wconf 81' lang='lat' dir='ltr'>eulmina,</span> <span class='ocrx_word' id='word_1_186' title='bbox 406 3169 542 3235; x_wconf 85' lang='lat' dir='ltr'>visendique</span> <span class='ocrx_word' id='word_1_187' title='bbox 553 3171 634 3220; x_wconf 76' lang='lat' dir='ltr'>vicet?</span> <span class='ocrx_word' id='word_1_188' title='bbox 651 3173 693 3220; x_wconf 91' lang='lat' dir='ltr'>sua</span> <span class='ocrx_word' id='word_1_189' title='bbox 703 3170 792 3234; x_wconf 80' lang='lat' dir='ltr'>cuique</span> <span class='ocrx_word' id='word_1_190' title='bbox 800 3172 922 3236; x_wconf 74' lang='lat' dir='ltr'>voluptas,</span> 
     </span>
     <span class='ocr_line' id='line_1_28' title="bbox 263 3266 1012 3333; baseline -0.003 -16"><span class='ocrx_word' id='word_1_191' title='bbox 263 3270 350 3330; x_wconf 81' lang='lat' dir='ltr'>Atque</span> <span class='ocrx_word' id='word_1_192' title='bbox 359 3266 427 3318; x_wconf 87' lang='lat' dir='ltr'>omni</span> <span class='ocrx_word' id='word_1_193' title='bbox 438 3267 563 3333; x_wconf 83' lang='lat' dir='ltr'>proprium</span> <span class='ocrx_word' id='word_1_194' title='bbox 572 3268 765 3320; x_wconf 67' lang='lat' dir='ltr'>nilamonem</span> <span class='ocrx_word' id='word_1_195' title='bbox 776 3267 1012 3332; x_wconf 69' lang='lat' dir='ltr'>tmsqtrejneuenr</span> 
     </span>
     <span class='ocr_line' id='line_1_29' title="bbox 245 3358 1069 3418; baseline 0.01 -8"><span class='ocrx_word' id='word_1_196' title='bbox 245 3361 303 3413; x_wconf 80' lang='lat' dir='ltr'>sor..</span> <span class='ocrx_word' id='word_1_197' title='bbox 319 3361 341 3414; x_wconf 85' lang='lat'>1.</span> <span class='ocrx_word' id='word_1_198' title='bbox 619 3362 647 3410; x_wconf 80' lang='lat' dir='ltr'>tt</span> <span class='ocrx_word' id='word_1_199' title='bbox 977 3358 1069 3418; x_wconf 52' lang='grc' dir='ltr'>Μ*</span> 
     </span>
    </p>
   </div>
   <div class='ocr_carea' id='block_1_5' title="bbox 0 0 1354 3900">
    <p class='ocr_par' dir='ltr' id='par_1_5' title="bbox 0 0 1354 3900">
     <span class='ocr_line' id='line_1_30' title="bbox 0 0 1354 3900; baseline 0 2"><span class='ocrx_word' id='word_1_200' title='bbox 0 0 1354 3900; x_wconf 95' lang='lat' dir='ltr'> </span> 
     </span>
    </p>
   </div>
  </div>
 </body>
</html>
