2700 3900
301 568 352 633 1r4-
468 564 500 618 r.
538 560 760 615 rarrurr
799 563 985 617 sranrr

300 729 347 780 395
364 709 411 762 Cui
422 710 529 760 Phoebus
540 723 639 773 generor
650 702 797 774 (monstrum
808 709 931 761 exitiabile
940 709 1014 762 dide!

363 811 426 858 Mox
437 807 549 870 adeum
560 803 630 868 fides)
641 820 695 854 avo
705 805 809 855 ducente
819 808 920 857 tenebat
950 846 955 859 r

363 905 630 968 Serigernmquesuem,
647 909 670 952 tr
680 903 776 952 sulvum
788 904 916 954 mentire
925 905 1026 955 leonem·

363 1004 424 1053 llaec
434 1004 543 1064 volvens,
559 1017 609 1051 non
620 1001 669 1065 ipse
680 1013 758 1065 pater,
773 1016 824 1052 non
834 1003 905 1052 docte
914 1005 988 1053 sutori

363 1100 511 1165 Amphiarai
520 1098 594 1156 videt,
611 1096 701 1146 etenim
711 1106 777 1146 vetat
787 1099 873 1148 nudior
882 1101 979 1163 Apollo.

299 1214 350 1262 40⁰
364 1177 475 1248 lantum
487 1197 513 1245 in
524 1185 595 1245 corde
604 1196 686 1244 sedens
697 1196 803 1258 egrescit
813 1212 872 1246 cura
882 1197 995 1260 peremis.

363 1301 425 1348 Ecce
436 1305 518 1344 autem
530 1295 655 1358 antiquam
667 1295 719 1342 sato
729 1296 853 1358 Calydona
864 1287 998 1360 relinrjueno

364 1398 466 1447 Olenius
478 1397 575 1458 Tydeus
587 1393 696 1460 (fraterni
707 1394 829 1458 sanguinis
839 1397 911 1445 illum

363 1498 478 1547 Conscius
490 1497 573 1545 horror
584 1494 644 1558 agit)
656 1495 739 1544 eadem
751 1495 793 1544 sub
805 1497 877 1545 noble
885 1497 969 1561 sopore

363 1597 447 1645 Lustra
458 1595 521 1654 terit,
537 1574 669 1656 similesque
679 1595 758 1642 Notos
769 1593 897 1658 dequeslut
908 1597 931 1644 sc
942 1594 1033 1658 imbres,

274 1710 277 1717 ’
299 1716 347 1767 405
364 1703 470 1750 Insusam
482 1710 548 1764 tergo
559 1698 669 1761 glaciem,
686 1703 708 1746 sc
719 1697 838 1760 liquentia
848 1697 953 1748 nimbis·

361 1800 420 1857 Ora,
436 1797 564 1859 comasque
574 1808 664 1858 gerens,
681 1794 745 1842 subit
755 1806 806 1842 uno
817 1793 932 1858 tegmine,
948 1787 1016 1858 tuine

361 1896 435 1943 Fusus
447 1895 522 1942 humo
534 1893 619 1956 gelida,
635 1903 728 1957 partem
739 1892 805 1955 prior
815 1892 899 1957 hospes
909 1892 1019 1943 habebar.

361 1995 409 2043 Hic
420 2009 476 2042 vero
488 1994 605 2041 ambobus
617 1992 707 2041 rabiem
718 1992 816 2041 fortuna
826 2002 952 2041 cruentam

363 2090 463 2146 Attulit,
480 2089 543 2135 haud
555 2088 612 2149 passr
624 2086 693 2135 sociis
704 2086 830 2134 defendere
840 2088 937 2136 noilem

298 2203 347 2250 410
364 2185 526 2236 Culminibus.
543 2185 644 2246 paulum
655 2184 753 2232 alternis
764 2184 791 2231 in
800 2185 872 2231 verba
883 2185 1008 2250 minasque

362 2284 529 2332 Cunelantur:
547 2294 606 2327 mox
618 2291 645 2327 ut
654 2278 727 2341 jaslis
738 2280 888 2329 sermonibus
899 2281 942 2329 irae

360 2381 574 2439 Intumuere‘satls‚
591 2392 644 2429 tum
655 2395 712 2427 vero
722 2382 814 2428 ereelut
825 2390 927 2443 uterque

359 2485 472 2530 Exerrare
483 2482 604 2540 humeros,
620 2480 759 2542 nudamque
769 2480 877 2527 lacessere
887 2493 1004 2541 pugnam.

359 2580 448 2626 Celsior
460 2578 499 2625 ille
510 2578 582 2638 gradu
595 2592 692 2639 procera
704 2576 729 2625 in
739 2577 857 2635 membra,
873 2578 994 2642 ssmulque

294 2693 343 2741 4¹5
360 2677 593 2735 integerrimorum,
610 2675 646 2720 sed
659 2689 709 2721 non
720 2679 741 2721 le
753 2673 846 2721 viribus
855 2672 918 2721 insta

358 2774 442 2836 Tydea
453 2773 498 2820 sert
510 2771 613 2831 animus,
630 2770 741 2836 totosque
751 2774 828 2822 insula
839 2789 884 2837 per
893 2786 962 2824 artus

358 2866 439 2927 Major
450 2866 475 2913 in
486 2866 574 2929 exiguo
585 2869 699 2928 regnabat
710 2881 809 2930 corpore
819 2868 906 2919 virtut.

358 2965 413 3027 Jam
425 2963 520 3010 crebros
532 2964 593 3011 ielus
605 2978 646 3010 ora
658 2970 749 3011 &cava
761 2976 870 3027 tempora
881 2965 976 3016 circum

358 3060 450 3107 Obnixi
463 3061 621 3122 ingeminant,
637 3064 742 3110 telorum
753 3063 931 3125 autgrandlnis
943 3065 1018 3115 insint
1044 3057 1062 3072 '¹

289 3178 340 3231 420
357 3159 487 3227 Rhipheae,
503 3163 616 3227 flexoque
626 3178 689 3227 genu
699 3178 774 3212 uacua
786 3164 828 3214 ilia
839 3168 957 3219 tundunt.
1055 3179 1057 3184 ·

291 3287 293 3290 ·
349 3266 410 3318 Non
424 3265 499 3317 aliter
511 3278 592 3332 quam
600 3258 937 3315 eisaeoloalnnnumn
