2700 3900
302 555 319 603 4
477 539 504 586 r.
536 539 722 589 unrrtrrr
753 543 876 591 vrrn.

303 682 380 731 refert.
411 680 514 745 Qidam
532 682 590 730 salso
608 682 781 741 existimarunt,
801 685 899 732 eandem
918 687 962 732 esse
981 688 1074 736 Pollam

304 780 478 843 Argentariam,
495 796 549 841 quae
562 794 621 826 uxor
632 779 710 825 Annei
722 779 811 826 Lucani
825 780 881 841 fuit,
898 791 926 828 ut
936 783 1029 831 dictum
1041 787 1075 834 est

302 876 315 924 i
329 877 398 924 nobis
413 876 570 924 commodius.
602 875 743 936 Composuit
756 877 864 923 multa&
876 877 940 924 varia
952 882 1073 944 podmata,

301 975 432 1039 dequibus
448 974 548 1023 breviter
565 973 681 1035 agendum
699 973 740 1019 est.
772 972 920 1020 Thebaidem
937 977 1003 1022 libris
1015 979 1073 1026 Xll.

301 1088 362 1136 quos
373 1071 516 1121 consecrarit
527 1069 584 1116 Caes.
595 1068 743 1121 Domitiano.
775 1071 802 1115 ln
818 1067 861 1116 nde
876 1085 946 1130 opere
956 1072 1072 1133 sequutus

301 1171 335 1218 est
349 1167 434 1231 magni
448 1181 477 1215 ex
493 1175 559 1228 parte
573 1165 667 1226 po'e'tam
684 1163 866 1222 Antimachum,
883 1166 924 1226 qui
937 1168 988 1227 pari
1001 1184 1072 1230 argu.

301 1281 384 1320 mento
393 1268 527 1320 maximum
539 1276 610 1329 atque
621 1265 805 1327 operosissimum
817 1280 877 1326 opus
889 1266 993 1329 reliquit.
1020 1272 1072 1317 Ne.

300 1387 347 1437 que
364 1373 465 1421 dubium
480 1369 522 1428 est,
538 1368 632 1429 po‘e'tam
648 1360 752 1412 Statium
769 1364 794 1410 in
809 1379 837 1410 eo
853 1366 993 1414 absolvendo
1011 1370 1073 1420 miri

300 1471 392 1522 solertii
403 1473 479 1529 usum,
496 1474 518 1515 δι
535 1464 667 1514 incredibili
678 1465 755 1512 lludio
767 1480 808 1528 per
818 1468 873 1514 Xll.
885 1481 967 1516 annos.
1000 1472 1071 1517 Fate-

300 1574 385 1634 tdrque
396 1567 467 1618 libere
479 1573 500 1614 tc
513 1563 621 1626 ingenue,
638 1564 660 1611 se
675 1577 817 1626 magnopere
830 1563 938 1624 adjutum
951 1565 962 1612 l
973 1578 1073 1628 parente

265 1635 269 1640 -
300 1673 342 1720 luo
355 1671 380 1718 in
391 1660 546 1731 pernoscendi
561 1676 589 1710 ac
606 1659 755 1708 describendi
771 1662 877 1709 locorum
895 1660 1006 1712 historici:
1025 1666 1072 1716 &i

300 1770 322 1819 le
333 1767 424 1817 editum
436 1776 508 1828 atque
517 1760 666 1825 publicatum
675 1757 768 1821 judicio
779 1775 806 1807 ac
818 1759 991 1809 monitionibus
1002 1765 1071 1827 Junii

299 1866 413 1926 Maximi,
423 1865 465 1929 qui
477 1877 518 1928 per
529 1875 556 1910 ea
566 1870 674 1922 tempora
684 1857 796 1906 excelluit
807 1856 891 1919 magni
904 1859 1071 1910 eruditione&

299 1966 448 2032 eloquendi..
473 1964 563 2016 Deinde
576 1962 692 2025 aggressus
704 1960 737 2007 est
748 1960 845 2007 scribere
856 1974 916 2020 opus
927 1962 955 2007 de
967 1963 1069 2023 Achille,

298 2066 325 2115 in
336 2081 386 2130 quo
396 2064 486 2125 majore
496 2060 587 2125 spiritu,
603 2074 631 2108 ac
642 2057 744 2120 longiori
758 2059 863 2106 carmine
873 2059 972 2121 parabat
982 2060 1069 2123 exequi

298 2161 443 2232 gelia‘illius
460 2171 536 2229 atque
547 2158 661 2206 virtutes:
680 2158 717 2205 scd
733 2172 775 2219 per
792 2157 958 2221 importunum
974 2161 1070 2211 obitum

297 2260 399 2311 minime
409 2258 489 2321 potuit
501 2255 640 2304 inchoatum
651 2269 712 2318 opus
723 2256 842 2317 perficere.
873 2254 977 2323 Qidam
988 2258 1069 2309 existi-

296 2355 392 2408 mirunt
402 2355 470 2405 luisse
481 2354 547 2401 abeo
556 2352 700 2411 absolutum,
711 2365 738 2400 ac
748 2351 833 2415 majori
843 2366 872 2401 ex
882 2363 949 2415 parte
957 2357 1069 2408 amilium

296 2452 383 2518 injurii
398 2465 542 2515 temporum.
575 2450 699 2511 sylvarum
714 2447 788 2496 libros
800 2448 906 2511 quinque
917 2450 999 2510 edidit,
1016 2455 1069 2501 aus.

294 2547 661 2617 picatusiCaesareDonritiano,
673 2546 715 2609 qui
723 2546 828 2595 studium
838 2547 936 2609 poiticae
947 2560 1067 2611 quantum
1130 2525 1133 2530 r

295 2650 376 2714 potuit
390 2646 495 2697 maxime
508 2644 636 2694 simularit.
668 2649 696 2693 ln
710 2645 747 2693 his
761 2645 829 2693 facile
845 2646 954 2708 probavit
967 2650 1065 2711 Statius,

294 2744 411 2809 quantdm
425 2743 515 2791 faveret
532 2739 601 2789 bonis
619 2740 730 2803 ingeniis,
752 2740 915 2804 quantumque
932 2743 1065 2793 amicorum

293 2840 377 2893 studiis
394 2850 466 2902 atque
483 2837 569 2887 officiis
587 2838 732 2885 concederet.
764 2838 829 2884 Idem
847 2847 927 2885 tamen
944 2840 1023 2899 refert,
1043 2842 1065 2888 se

294 2942 345 3001 diu,
362 2942 512 3002 multquue
529 2936 642 2985 dubitilie
659 2938 685 2985 in
703 2938 740 2987 his
757 2938 843 2986 libellis
861 2938 1005 2998 emittendis,
1022 2943 1064 3005 qui

294 3038 372 3088 subito
390 3038 474 3095 calore,
496 3042 517 3083 δι
532 3033 634 3099 quidam
652 3036 777 3084 festinandi
796 3037 918 3098 voluptate
935 3038 1064 3090 fluxerunt.

295 3139 330 3189 De
342 3136 378 3186 his
390 3134 535 3200 Apollinaris
546 3132 657 3184 Sidonius
670 3134 790 3196 meminit,
806 3133 943 3202 magnisque
953 3139 1065 3188 laudibus

985 3235 1063 3296 prose-
